3917 5950
257 451 294 501 66

623 572 676 639 θίν-

297 684 396 740 Pollux
418 702 447 747 ν,
465 701 480 750 7
500 701 505 734 :
523 677 605 747 τόκος,
617 676 715 734 τίκτει·
740 673 838 742 ἐπίτεξ·
859 674 979 754 ἐπίφορος
1000 673 1046 731 καὶ

258 773 389 840 ἐπίτονος,
402 766 419 837 θ,
434 766 557 873 τιμτικός.
569 768 701 823 τοκῶσα
716 762 743 822 δὲ
759 754 803 821 εἶιτ
832 763 883 842 Κρ.

299 993 379 1051 Idem
395 992 434 1046 ib.
452 1010 486 1046 10
503 1010 508 1044 z
529 988 648 1064 γενειῶν,
664 983 830 1061 γενεισίσκονν,
844 982 966 1061 πώγωνος
979 986 1046 1038 ὑπο-

259 1077 463 1156 πιμπλάμενος,
478 1076 495 1148 ἢ
510 1074 699 1153 πωγωνίας,
718 1077 752 1137 ὡς
774 1076 825 1152 Ιίρ.

625 1187 674 1261 96.

299 1302 379 1362 Idem
393 1302 433 1359 ib.
452 1321 485 1371 17
505 1322 511 1356 :
527 1298 660 1377 Φρύνιχος
680 1295 726 1361 el<
747 1294 806 1360 νίας
821 1292 869 1371 μίν
883 1292 1047 1374 ἀφήλικος

260 1391 345 1469 λίγιι,
372 1415 385 1442 ι
409 1376 499 1449 Ἦσαν
514 1385 540 1444 δὲ
564 1384 759 1462 καὶγυναικῶν
787 1383 881 1459 (fore,
902 1384 1047 1458 completo

259 1483 389 1550 senario,
414 1473 617 1555 γυναικομίμν.)
643 1471 768 1553 ἀφήλικος
790 1498 803 1523 ν
827 1469 999 1549 Φερεκράτης
1020 1470 1047 1527 δὲ

260 1567 307 1639 τὴν
344 1565 497 1647 γεραιτίραν
527 1558 810 1643 ἀφηλικεστιίτην,
842 1560 878 1624 ὡς
910 1557 956 1615 καί
992 1558 1046 1636 Κρ.

264 1653 443 1734 ιᾶφήλικα
471 1650 619 1732 γίροντα.
647 1678 659 1700 ν
683 1653 726 1707 Ita
746 1650 813 1705 libri
841 1649 956 1722 scripti3
978 1647 1048 1703 editi

260 1743 419 1824 ἀμφίλικας,
426 1736 671 1819 όμφηλικεοτσίτην,
681 1734 829 1818 ἀμφίλικα,
839 1761 849 1785 ι
860 1753 932 1811 quae
943 1733 1049 1792 format

259 1851 362 1907 grecas
380 1850 438 1888 eme
458 1841 544 1905 negat
567 1828 696 1886 Lobeek.
715 1828 753 1884 ad
778 1827 882 1900 Phryn.
904 1844 937 1900 p.
957 1825 1009 1891 84.
1032 1848 1045 1874 ν

263 1925 305 1978 Μ.
319 1923 425 1977 Mimm
439 1931 545 1992 tamen,
555 1919 662 1992 pariter
672 1916 801 1988 juniores
813 1925 842 1970 et
854 1916 979 1970 seniores
993 1913 1048 1969 dici

262 2006 404 2087 ἀφήλικος,
418 2009 574 2079 maIImque
596 2004 655 2069 νίας
678 2000 845 2082 ἀμφήλικσς,
866 2004 947 2075 quasi
971 2003 1049 2058 diens

260 2116 340 2152 sensu
355 2098 494 2169 nequiore
515 2094 713 2166 metaphorice
738 2086 931 2168 ἀμφιελίσσας,
956 2096 1051 2144 netim-

259 2202 312 2257 que
326 2188 488 2258 remiganti,
503 2192 536 2235 ut
556 2181 675 2254 proprie
687 2179 787 2253 Ettrip.
802 2176 881 2251 Cyol.
902 2176 948 2247 ιδ,
963 2175 1051 2254 ἄμφῆ-

261 2267 383 2348 ρεςθόρυ.

632 2397 679 2451 97·

301 2492 381 2547 Idem
401 2491 441 2547 ib.
464 2490 501 2545 28
523 2509 529 2543 ε
553 2488 604 2568 Κρ.
617 2485 645 2544 δὲ
666 2485 856 2562 στημονίας
879 2485 1051 2552 κικίννους

261 2569 317 2636 εἷπε
339 2576 398 2645 τοθς
416 2574 528 2653 στήμονι
542 2573 645 2650 ὁμοίους
668 2575 713 2632 ὑπ’
737 2573 901 2653 ἰσχνότητος,
926 2576 1048 2648 Hesych.

262 2664 350 2741 Στημ.
362 2688 416 2725 κικ.
430 2682 438 2725 :
453 2662 513 2730 τοὺς
526 2661 655 2739 στήμοσιν
667 2660 780 2737 ίμοίους.

631 2776 680 2849 98.

301 2890 382 2945 Idem
402 2890 442 2947 in.
460 2895 497 2963 ⁴9
516 2908 521 2942 :
539 2886 629 2962 ἔλεγον
651 2883 679 2941 δὲ
704 2882 749 2941 καί
761 2881 895 2962 σθνοφρος
919 2881 986 2963 ἀνὴρ
1005 2882 1051 2940 καί

262 2974 339 3053 γυνή·
353 2976 397 3034 τόν
417 2972 445 3033 dl
466 2977 580 3032 τοιοῦτον
593 2970 638 3030 καί
651 2969 814 3051 μίξοφρυν
829 2970 905 3029 καλεῖ
924 2972 939 3029 ό
956 2973 1008 3050 Ιίρ.

303 3201 381 3257 Idem
405 3201 443 3255 ib.
460 3199 497 3269 78
514 3217 521 3256 :
539 3197 568 3255 τὸ
589 3196 688 3266 ταύτην
704 3192 768 3273 (τὴν
789 3194 918 3274 κόρυζαν)
932 3195 1051 3277 ἀφαιρεῖν

263 3285 430 3361 ἀπομόττειν·
443 3284 473 3342 τὸ
487 3283 514 3344 δὲ
527 3284 689 3360 οίττεμόττετο
701 3311 714 3336 ι
728 3283 850 3351 ίκλυζι
864 3281 919 3350 τλς
932 3281 1051 3364 ρῗναςν

262 3374 311 3455 ἔφη
338 3378 390 3452 Κρ.
416 3376 507 3449 Vulgo
535 3371 665 3441 ὑλίζεσθαι
694 3367 741 3436 τόις
771 3373 797 3450 ρ.
824 3374 877 3429 Ms.
905 3376 1050 3448 Iungerm.

263 3460 349 3530 ὕλιζε,
364 3459 414 3517 sed
429 3461 501 3518 atius
516 3480 562 3534 ap.
587 3461 712 3518 Cramer.
730 3459 839 3518 Anecd.
861 3461 915 3521 Ox.
938 3463 997 3516 νοΙ.
1024 3481 1051 3531 α,

262 3570 292 3622 p.
308 3557 337 3621 4,
354 3547 445 3615 ἔλυζε,
467 3547 546 3621 quod
566 3544 654 3612 ίκλυζε
671 3567 728 3604 esse
750 3550 919 3604 intellexerit
941 3550 1051 3606 Cmme·

263 3657 321 3691 rus.

625 3768 689 3805 100.

303 3861 383 3916 Idem
403 3861 441 3918 ib.
466 3867 519 3926 ιο(
543 3859 777 3936 εμικρολογτῖσθαι
792 3859 895 3938 εἴρηκεν
921 3859 1050 3935 Εὔπολις,

263 3947 308 4005 καί
329 3944 615 4025 μικρολογήσομαι
630 3947 681 4024 Κρ.

626 4074 690 4110 101.

303 4171 383 4227 Idem
404 4170 446 4227 ib.
473 4167 553 4224 153:
576 4166 716 4247 Ἡρόδοτος
733 4169 781 4246 (6,
804 4169 876 4246 129)
891 4171 993 4251 είρηκεν
1008 4172 1052 4231 ἐπὶ

263 4256 442 4317 Ἱπποκλείθου
453 4259 498 4315 τοῦ
512 4253 654 4329 Ἀθηναίου,
666 4253 726 4338 (ότι)
738 4263 791 4325 τοῖς
799 4257 875 4317 ποσίν
885 4259 1053 4340 &imoim-

264 4368 316 4402 σιν·
330 4349 345 4403 ό
358 4344 386 4403 δὲ
401 4348 449 4425 Κρ.
461 4342 846 4424 καλχειρονομησείοντας
864 4337 931 4406 εἶπε.
948 4352 1052 4409 Addidi

264 4434 318 4500 ότι,
335 4452 371 4488 ne
384 4435 471 4490 verba
482 4432 534 4498 τοῖς
546 4455 575 4491 π.
588 4435 630 4512 ἐχ.
643 4437 733 4510 ipsius
749 4437 890 4492 Herodoti
907 4457 966 4495 esse
977 4441 1053 4495 vide·

266 4531 371 4589 rentur,
388 4524 438 4594 qui
452 4520 525 4576 dixit
534 4521 600 4578 τοῖσι
613 4521 719 4580 σκέλεσι
730 4523 923 4601 ἐχειρονόμησε.

628 4653 691 4690 102.

307 4740 386 4797 Idem
399 4742 437 4795 ib.
455 4741 509 4796 188
523 4762 529 4796 :
542 4739 602 4816 γόνυ
615 4746 631 4812 ἡ
644 4743 711 4819 μετὰ
725 4744 823 4823 μηροὺς
835 4745 993 4823 συγκαμπλ,
1005 4748 1050 4827 ἀφ’

265 4818 294 4883 oi]
309 4826 353 4883 καί
367 4825 397 4884 τὸ
411 4827 605 4902 γονστίζειν
621 4832 754 4904 (genibus
772 4833 867 4913 fenne]
884 4835 957 4914 παρὰ
975 4838 1050 4914 lipo-

265 4916 326 4993 τίνῳ
340 4916 377 4994 τῷ
391 4914 590 4994 κωμῳδιοποιῷ.
611 4921 762 4993 Petpemm
774 4923 840 4977 libri
856 4924 1047 5003 κωμῳδοποιῷ.
1074 4933 1077 4972 1

629 5153 686 5200 103.

266 5235 334 5287 Nam
350 5229 437 5302 puello
451 5231 608 5302 progeniem
623 5232 714 5296 ltaliet,
727 5241 822 5306 utpote
833 5236 920 5293 virum
930 5248 1048 5311 experto.

755 432 962 493 COMOEDIAE
985 430 1148 492 vtttttts
1172 432 1375 504 RELIQUIAE.

1456 565 1519 622 103.

1134 681 1212 735 Idem
1235 682 1267 749 3,
1288 688 1320 745 ι(
1347 699 1353 734 :
1378 678 1475 749 ἄπαις,
1490 678 1610 752 ἄτεκνος,
1627 676 1766 758 φιλόπαις,
1780 677 1879 756 φιλότε·

1094 789 1168 842 κνος,
1182 766 1228 824 καί
1240 765 1374 841 τόιόμοια·
1386 764 1459 845 παρὰ
1471 765 1498 824 δὲ
1513 770 1565 846 Κρ.
1582 766 1723 842 ἔμπαις·
1738 766 1878 843 πολόπαις,

1095 855 1262 926 πολύτεκνος,
1288 852 1527 927 εὔπαις,εὗτεκνος.
1555 859 1600 912 Ita
1624 856 1690 911 eod.
1711 858 1879 931 iungem,

1095 944 1218 1016 trajectis
1229 944 1345 1019 quidem
1354 945 1432 1001 haud
1443 945 1528 1001 dubie
1541 946 1635 1000 verbis
1646 940 1778 1009 πολύπαις
1791 974 1832 986 -
1842 943 1880 1000 εό-

1094 1054 1194 1104 τεκνος,
1216 1053 1278 1106 quae
1294 1032 1444 1089 inserenda
1456 1044 1521 1087 sunt
1538 1044 1604 1107 post
1619 1029 1776 1110 φιλότεκνος.
1791 1034 1880 1109 Vulgo

1094 1114 1203 1190 Ἄπαις,
1229 1118 1343 1194 ἔμπαις,
1375 1118 1495 1191 ἄτεκνος,
1525 1116 1687 1198 φιλότεκνος,
1713 1116 1880 1194 μισότεκνος,

1095 1205 1227 1281 μισόπαις,
1241 1205 1399 1285 φιλοτεκνία,
1409 1206 1573 1282 μισοτεκνία,
1584 1205 1629 1264 καὶ
1643 1204 1717 1286 παρὰ
1730 1209 1790 1285 Καρ
1803 1207 1881 1265 πολί-

1094 1317 1182 1361 τεκνος
1196 1294 1341 1366 πολόπαις,
1355 1294 1446 1363 εὔπαις
1459 1293 1586 1360 εὔτεκνος,
1603 1300 1658 1372 Ap.
1672 1297 1835 1353 Bekkerum
1846 1320 1881 1374 φι·

1095 1380 1202 1453 λόπαις,
1218 1381 1339 1454 ἄτεκνος,
1354 1381 1451 1456 ἅπαις,
1466 1383 1632 1463 φιλότεκνος,
1652 1383 1796 1460 μισόπαις,
1811 1385 1878 1464 φιλο

1095 1468 1199 1543 τεκνία,
1221 1469 1387 1547 μισοτεκνία,
1410 1469 1578 1546 μισότεκνος,
1596 1470 1643 1528 καί
1662 1468 1737 1549 πορθ
1761 1470 1881 1551 Κρατίνῳ

1095 1555 1214 1624 εὔπαις
1238 1560 1320 1635 (sic).
1346 1561 1494 1636 Integrum
1522 1578 1634 1617 versum
1662 1561 1773 1617 Cratini
1794 1563 1878 1621 taetre

1094 1647 1233 1722 produxit
1241 1668 1276 1705 ex
1286 1646 1427 1723 Hesychio
1439 1667 1468 1704 v.
1483 1645 1654 1727 Ἠνδριυμίνη
1666 1669 1673 1704 :
1685 1646 1779 1727 ἀνδρὸς
1787 1670 1879 1705 πεπει-

1096 1732 1210 1815 συκίνη·

1145 1855 1171 1926 ti
1184 1866 1256 1936 παῖς
1275 1859 1332 1954 γὰρ
1348 1862 1458 1953 ἔμπαις
1474 1861 1556 1927 ἐστὶν
1571 1867 1610 1937 ὡς
1626 1852 1815 1953 λνθρωμένη.

1097 2093 1215 2237 widem
1230 2096 1271 2150 ib.
1294 2096 1331 2159 64
1357 2009 1550 2172 ιίθελίὲθίρίλς·
1571 2092 1773 2174 θθίλιχθρον
1787 2094 1815 2151 δὲ
1830 2096 1878 2172 Κρ.

1114 2203 1178 2256 ιγει.

1457 2295 1523 2352 105.

1087 2420 1090 2431 ·
1137 2405 1218 2461 Idem
1230 2405 1270 2464 ib.
1286 2404 1324 2476 75
1342 2426 1348 2460 ε
1366 2404 1540 2484 δουλοπρεπὲς
1554 2405 1582 2465 δὲ
1596 2405 1641 2465 καί
1656 2405 1880 2485 δουλοπρεπέστε-

1098 2512 1141 2570 ρον
1156 2492 1279 2571 Ξενοφῶν
1300 2494 1400 2569 (Mem.
1419 2514 1449 2566 ο,
1466 2495 1495 2566 8,
1512 2493 1571 2573 NJ,
1588 2494 1634 2553 καί
1656 2494 1879 2575 δουλοπρεπέ-

1098 2602 1205 2637 στατα
1223 2582 1272 2659 Κρ.

1460 2696 1523 2754 106.

1138 2806 1216 2862 Idem
1232 2807 1271 2864 ib.
1284 2825 1322 2880 ρο
1336 2828 1342 2861 z
1359 2807 1509 2885 βαδιστικθς
1519 2808 1591 2888 napi
1603 2808 1781 2889 Ἀριστοφάνει
1793 2811 1878 2886 (Ran.

1102 2893 1187 2968 καθ(
1202 2890 1275 2971 παρὰ
1290 2891 1317 2951 δὲ
1339 2897 1389 2971 Κρ.
1403 2897 1636 2976 βαδισματίας.
1652 2897 1763 2956 Similia
1782 2922 1879 2979 ποιμν-

1097 2978 1153 3046 νίας
1164 2982 1199 3041 fr.
1213 2983 1266 3058 93,
1280 2996 1308 3040 et
1322 2982 1465 3059 στημονίας
1475 2987 1511 3043 fr.
1527 2986 1564 3062 95
1577 3001 1725 3063 comparat
1735 2992 1823 3050 Mein.

1460 3121 1522 3173 1⁰7·
1772 3163 1774 3166 ,

1139 3208 1219 3265 Idem
1239 3210 1279 3267 ib.
1299 3211 1353 3266 106
1378 3232 1385 3266 ε
1409 3209 1450 3281 είη
1474 3212 1497 3269 δ’
1512 3210 1544 3270 ἂν
1565 3214 1590 3270 ἐν
1611 3215 1723 3291 (addidi
1744 3221 1881 3293 preposi-

1098 3297 1222 3372 tionem)
1236 3294 1334 3358 τούτοις
1345 3295 1390 3356 καὶ
1404 3298 1567 3367 ἔπιθανοίτιος
1581 3300 1662 3380 ἔχειν,
1674 3302 1738 3373 καί,
1751 3307 1786 3370 ὡς
1799 3304 1880 3383 Ἦρό·

1097 3383 1169 3448 δοτος
1183 3386 1224 3460 (9,
1239 3384 1286 3459 7ο)
1298 3383 1477 3445 ἐδυσθανάτει·
1488 3378 1519 3446 σθ
1528 3387 1558 3447 τό
1568 3389 1682 3448 ἐναντίον
1697 3391 1882 3456 εὐθανάτως

1099 3472 1149 3550 Κρ.
1162 3470 1241 3549 λέγει.

1460 3591 1526 3650 108.

1137 3698 1215 3754 Idem
1233 3707 1262 3768 4,
1282 3700 1334 3765 ιθ(
1352 3725 1358 3755 ;
1373 3700 1444 3778 τείχει
1460 3698 1487 3758 δὲ
1501 3701 1546 3759 καί
1559 3702 1589 3760 τό
1604 3705 1823 3784 κοιλοφθαλμιᾶν,
1838 3707 1880 3763 οὐκ

1097 3783 1162 3843 ίδιον
1181 3784 1208 3843 δὲ
1225 3789 1328 3862 (σσιιἹ).
1353 3786 1401 3861 μὲν
1414 3791 1460 3846 vel
1474 3789 1524 3866 δὴ)
1540 3793 1566 3849 ἐν
1588 3792 1731 3872 ὀφθαλμοῖς
1752 3792 1881 3870 γινόμενον

1097 3873 1218 3950 νόσημα,
1235 3874 1381 3950 συμόαῑνον
1396 3875 1424 3934 δὲ
1438 3878 1615 3938 κοιλαίνεσθαι
1629 3877 1686 3945 τοὺς
1699 3881 1848 3960 ὀφθαλμοὺς
1858 3881 1880 3947 ἐξ

1097 3961 1178 4020 ἄλλον
1190 3962 1348 4038 νοσήματος.

1074 4141 1075 4150 ,
1149 4079 1224 4153 Οὐδ’
1241 4079 1452 4171 ὑθατοποτῶν,
1469 4081 1539 4156 οὐδὲ
1561 4092 1817 4184 κοιλοφθαλμιῶν.

1100 4224 1145 4279 Sic
1154 4223 1233 4297 libi-i,
1247 4241 1340 4297 neque
1353 4243 1425 4298 opus
1432 4236 1473 4280 est
1483 4223 1521 4303 τῷ
1532 4225 1719 4297 teutonorum,
1731 4228 1813 4301 quod
1825 4229 1881 4302 pla·

1100 4312 1158 4366 cuit
1166 4313 1294 4367 Porsono
1302 4312 1420 4368 Advees.
1432 4332 1462 4387 p,
1475 4313 1639 4386 284,un
1650 4311 1721 4392 ὕδωρ
1732 4318 1880 4389 ancipitem

1099 4400 1203 4454 habeat
1220 4401 1346 4480 priorem
1363 4401 1405 4476 (ν.
1420 4402 1454 4458 ΙΙ.
1472 4402 1501 4471 θ,
1519 4403 1588 4470 368,
1601 4403 1703 4476 Odyss.
1726 4424 1773 4474 17,
1793 4403 1881 4473 wop

1087 4489 1196 4560 itaque
1214 4488 1357 4563 producta
1379 4511 1394 4543 ο
1418 4489 1511 4544 littera
1534 4491 1613 4545 verbi
1633 4489 1802 4546 θδατοποτῶν
1817 4490 1881 4544 nihil

1099 4575 1255 4632 timendum
1275 4578 1311 4632 sit
1326 4588 1429 4636 metro.
1449 4579 1623 4653 Magnopere
1646 4590 1696 4634 ant
1716 4577 1883 4635 fallituram

1100 4662 1269 4738 depravatus
1283 4676 1324 4720 est
1339 4666 1527 4739 Ammonius,
1545 4687 1632 4738 quum
1654 4666 1726 4722 dicit
1747 4667 1785 4722 de
1798 4684 1882 4720 voca-

1099 4751 1174 4805 bulis
1188 4748 1261 4826 πόμα
1276 4758 1306 4810 el
1326 4752 1407 4825 πῶμα
1430 4770 1437 4810 :
1453 4749 1544 4827 τὸμὲν
1561 4751 1661 4810 ἁπλοῦν
1678 4750 1722 4810 did
1739 4759 1786 4811 τοῦ
1808 4776 1823 4810 ο
1840 4775 1883 4827 μι·

1099 4844 1175 4917 κροῦ·
1193 4840 1219 4895 ἐν
1234 4837 1261 4896 δὲ
1277 4837 1406 4905 συνθέτοις
1426 4838 1468 4897 διό
1482 4844 1527 4898 τοῦ
1542 4864 1563 4898 ω
1582 4841 1712 4917 μεγάλου,
1728 4831 1783 4900 οἷον
1801 4842 1882 4918 γαλα·

1216 4926 1229 4942 Q

1098 4947 1241 4983 κτοπωτειν
1253 4927 1298 4984 καί
1312 4927 1483 5005 ὑδροποτεῖν·
1496 4949 1524 4984 ν.
1539 4929 1579 4984 ibi
1595 4929 1693 4986 Valck.

1700 5078 1778 5086 -.-
1800 5076 1866 5085 ⁴-—

1462 5163 1519 5214 108.

1098 5245 1192 5314 Neque
1209 5258 1307 5315 aquom
1321 5243 1432 5312 bibens,
1446 5260 1496 5300 nee
1507 5244 1579 5301 cavis
1591 5245 1685 5301 oculis.
