3917 5950
781 447 915 508 ὓΑΜΟΧ
922 446 1028 508 ENUS.

227 614 280 654 ·α.
295 580 459 675 Ἐπικούρου
472 578 507 652 δέ
521 609 559 676 με

162 697 230 785 όρᾷς
249 691 385 784 μαθητὴν
401 691 497 776 ὄντα,
515 701 569 758 τοῦ
585 701 693 781 σοφοῦ,
717 698 788 783 παρ’
803 690 827 756 ὧ

163 803 194 865 έν
208 791 256 864 δύ’
273 799 372 864 ἔτεσιν
388 797 441 863 καὶ
456 797 545 888 μησὶν
561 802 618 891 οὐχ
632 799 713 874 όλοις
727 789 806 863 δέκα

162 898 294 969 τάλαντ’
308 905 370 994 ἐγώ
389 927 437 968 τοι
446 904 668 968 κατεπύκνωσα
674 903 822 995 τέτταρα.

163 1014 194 1095 β.
205 1019 302 1077 Τοῦτο
312 1001 346 1074 δὲ
354 1005 386 1074 τί
395 1011 492 1095 ἑστώς
509 1006 574 1073 εἰπέ
584 1032 649 1098 μοι.
662 1007 871 1101 αΚαθηγισα.

165 1113 321 1208 Μάγειρος
334 1111 371 1186 ἦν
386 1115 537 1200 κάκεῖνος,
552 1113 620 1207 οὐχὶ
630 1105 668 1188 δὴ
684 1115 760 1192 θεός.
821 1177 826 1184 .

163 1217 195 1297 β.
209 1212 302 1288 Ποῖος
327 1211 483 1302 μάγειρος;
508 1238 538 1277 α.
558 1206 584 1277 H
604 1217 687 1302 φύσις
706 1210 806 1288 πάσης
820 1215 872 1278 τέ-

800 1344 873 1408 [VM

161 1421 321 1514 άρχέγονόν
335 1424 413 1505 ἐστ’,
432 1421 605 1514 ἀρχέγονον,
629 1417 782 1514 ὦλιτήριε.

161 1532 227 1596 Οὐκ
243 1527 322 1593 ἔστιν
336 1517 486 1593 οὐδὲντοῦ
500 1532 598 1592 ποιεῖν
609 1529 786 1616 σοφώτερον,

84 1654 131 1699 10
161 1631 198 1705 ἦν
215 1628 244 1699 τ’
260 1633 373 1724 εύχερὲς
389 1633 426 1698 τὸ
439 1637 566 1725 πρᾶγμα
579 1642 632 1698 τού
643 1626 848 1723 λόγουτριύήν

161 1741 264 1832 ἔχοντι
272 1740 396 1806 τούτου·
412 1735 586 1830 πολλὰγὰρ
602 1733 824 1829 συμβάλλεται.

162 1845 287 1937 Διόπερ,
304 1842 444 1937 μάγειρον
459 1848 534 1910 όταν
548 1837 616 1936 ἴδῃς
632 1843 845 1937 ἀγράμματον,

162 1955 203 2041 μὴ
220 1949 409 2043 Δημόκριτόν
421 1974 455 2016 τε
466 1948 568 2016 πάντα
582 1940 809 2041 διανεγνωκότα

164 2057 283 2123 καὶτὸν
300 2052 460 2148 Ἐπικούρου
473 2055 603 2138 κανόνα,
623 2055 771 2146 μινθώσας
785 2051 869 2146 άφες,

88 2157 132 2230 15
163 2170 203 2239 ὡς
219 2166 253 2230 ἐκ
268 2156 440 2255 διατριβῆς.
452 2162 550 2228 Τοῦτο
564 2152 616 2227 δεῖ
630 2158 687 2254 γάρ
698 2152 822 2246 εἰδέναι,

161 2265 220 2334 τίν’
238 2269 302 2358 ἔχει
320 2258 465 2359 διαφορὰν
480 2275 608 2360 πρῶτον,
623 2263 648 2331 ὦ
664 2270 806 2351 βέλτιστε
821 2268 870 2353 σὺ,

159 2372 341 2465 γλαυκίσκος
356 2375 385 2438 ἐν
400 2381 526 2466 χειμῶνι
540 2370 595 2438 καὶ
609 2372 695 2464 θέρει·
714 2371 810 2439 πάλιν

160 2485 250 2555 ποῖος
264 2476 330 2569 περὶ
345 2471 431 2543 δύσιν
446 2471 619 2562 Πλειάδος,
636 2472 816 2562 συνειδέναι,

160 2584 244 2677 ἰχθύς
258 2584 316 2649 ὑπὸ
332 2583 447 2676 τροπάς
462 2590 492 2650 τ’
509 2583 574 2649 ἐστὶ
583 2587 829 2674 χρησιμώτατος.

79 2712 131 2758 20
163 2691 205 2757 Αἱ
221 2684 390 2780 μεταβολαὶ
403 2687 459 2783 γάρ
475 2691 511 2755 αἵ
522 2715 555 2756 τε
565 2691 798 2766 κινόσειςκακὸν

159 2790 310 2870 ἡλίύατον
325 2795 521 2888 ἀνθρώποισιν
534 2796 726 2887 άλλοιώματι

161 2905 192 2968 ἐν
206 2907 275 2979 ταῖς
290 2908 413 2994 τροφαῖς
428 2910 546 2967 ποιοῦσι
557 2952 567 2986 ,
580 2901 755 2993 μανθάνεις;
773 2901 810 2966 τὸ
825 2894 858 2966 δὲ

159 3009 273 3099 ληφθὲν
288 2993 356 3073 καθ’
370 3012 447 3099 ώραν
467 2998 637 3074 ἀποδίδωσι
652 3012 706 3083 τὴν
720 3007 819 3100 χάριν.

389 3192 565 3248 COLUMNl.

161 3375 198 3387 —
212 3358 239 3401 a.
251 3345 364 3419 Epicuri
378 3353 469 3403 numm
484 3362 528 3404 me

144 3433 221 3491 vides
234 3431 400 3506 discipulum
413 3436 563 3507 sapientis,
576 3433 649 3507 apud
657 3448 738 3507 quem

142 3518 250 3575 duobis
260 3520 339 3575 annis
348 3535 400 3577 nec
410 3521 475 3577 totis
488 3520 584 3577 decem
597 3521 736 3577 mensibus

143 3622 196 3678 ego
208 3613 337 3678 φυεῑιιιοε
352 3608 453 3664 talenta
463 3607 605 3681 complevi.

102 3702 123 3751 5
141 3694 169 3750 b.
183 3697 345 3753 Hocantem
358 3695 426 3769 quid
438 3695 491 3752 sibi
502 3697 579 3753 vnit?
589 3696 634 3754 dic
645 3694 722 3752 mihi.
740 3712 764 3753 a.
775 3700 874 3754 immo·

801 3783 873 3851 [lavi

143 3870 257 3940 Cocum
267 3868 350 3925 otiam
360 3866 407 3926 iile
420 3868 486 3936 ituit,
496 3885 554 3926 non
564 3869 634 3927 deus
645 3870 757 3927 scilicet.

143 3956 172 4012 b.
186 3957 282 4029 Qualis
294 3961 451 4030 ooquusia.
467 3959 570 4015 Natura
579 3958 668 4015 omnis
685 3961 750 4016 artis

143 4043 260 4116 genitrix
269 4051 326 4111 est,
340 4045 471 4116 genitrix,
481 4045 597 4118 impure.

143 4129 218 4186 Nihil
230 4137 271 4186 est
282 4131 357 4203 prasi
367 4133 532 4204 sapientius,

84 4223 124 4273 1⁰
143 4214 280 4289 facileque
301 4212 384 4274 fuerit
409 4219 548 4291 negotium
576 4219 615 4285 ei,
633 4218 679 4289 qui
702 4217 774 4275 lianc
796 4221 878 4277 ratio-

802 4312 877 4376 [nem

145 4391 332 4465 perspexerit:
347 4391 434 4449 multa
450 4393 523 4450 enim
537 4402 715 4451 concurrunt.

144 4482 245 4551 Quare,
255 4478 279 4535 si
288 4494 407 4551 coquum
417 4477 492 4535 vides
503 4478 669 4549 illiteratum,

146 4568 195 4640 qui
206 4583 262 4624 uon
275 4567 394 4624 excussit
403 4582 513 4624 omnem
528 4571 715 4626 Democritum

146 4663 175 4711 et
188 4654 298 4727 Epicuri
310 4670 458 4725 canonem,
471 4655 754 4726 dimitteimmiotum‚

88 4746 126 4799 15
147 4740 251 4797 velute
270 4740 373 4798 schola.
384 4744 444 4798 Hoc
457 4742 528 4799 enim
542 4744 611 4800 scire
625 4742 718 4809 debet,

146 4827 252 4898 optime
264 4835 313 4896 tu,
331 4828 471 4900 primum,
484 4828 624 4901 quomodo
633 4828 743 4886 differat

146 4912 302 4984 glauciscus
311 4914 401 4971 hieme
411 4913 446 4971 ab
456 4915 564 4982 aestiv03
577 4924 637 4972 turn
651 4931 759 4981 rursus,

150 5000 318 5072 quatur-iren
332 5001 449 5060 Pleiadis
462 5018 591 5059 oceasum

148 5094 177 5143 et
190 5086 336 5144 solstitium
351 5089 432 5160 piscis
444 5090 480 5145 sit
493 5088 664 5146 utilissimus.

89 5180 130 5231 20
150 5172 319 5229 titulationes
328 5173 400 5229 enim
413 5182 441 5231 et
455 5175 589 5232 motiones
600 5173 703 5232 malum

150 5259 247 5332 ingens
259 5259 419 5318 hominibus
431 5260 554 5320 afferunt
567 5262 744 5319 conversione

1644 465 1700 518 69⁴7

1000 587 1029 668 β.
1048 582 1101 662 Τίς
1116 587 1335 675 παρακολουθεῖ
1347 597 1465 673 ταῦτα;
1480 615 1512 658 α.
1539 595 1701 685 Τοιγαροῦν

1583 701 1655 764 στ’
1693 727 1704 765 ι

923 790 968 862 25
995 793 1048 860 καὶ
1059 793 1232 886 πνευμάτια
1249 796 1414 889 γιγνόμενα
1424 799 1477 865 τὸν
1492 723 1691 892 κεκλημέδδνφῦ

993 900 1175 992 ἀσχημονεῖν
1186 909 1314 967 ποιοῦσι·
1329 902 1410 993 παρὰ
1423 895 1453 968 δ’
1472 902 1536 994 ἐμοὶ
1552 909 1652 997 τρέφει

992 1006 1029 1072 τὸ
1047 1006 1280 1099 προσφερόμενον
1296 1009 1421 1099 βρῶμα,
1439 1007 1490 1074 καὶ
1502 1013 1699 1096 λεπτύνεται,

993 1112 1083 1203 ὀρθῶς
1102 1138 1138 1178 τε
1155 1106 1290 1179 διαπνεῖ·
1306 1110 1430 1205 καὶγὰρ
1446 1110 1496 1179 οὖν
1512 1113 1552 1191 εἰς
1565 1116 1631 1193 τοὺς
1647 1120 1703 1183 πύ-
1746 1142 1748 1145 ’

1640 1247 1716 1313 ενι·

994 1322 1118 1413 όχυμὸς
1129 1326 1252 1413 ὁμαλῶς
1267 1333 1423 1414 πανταχοῦ
1437 1323 1623 1393 συνίσταται.

920 1421 966 1493 30
995 1456 1013 1490 ιι
1029 1427 1151 1519 Χυμθς,
1177 1452 1194 1486 ο
1221 1429 1306 1521 λέγει
1330 1429 1530 1523 Δημόκριτος,
1565 1458 1580 1491 o
1606 1427 1702 1516 οὐδὲν,

1494 1534 1652 1629 φράγματ’
1666 1536 1702 1605 ἂν

992 1638 1138 1728 γενόμενα
1150 1648 1220 1731 ποιῇ
1240 1639 1290 1706 τὸν
1306 1641 1434 1733 φαγόντ’
1448 1642 1625 1736 ἀρθριτικόν.
1643 1676 1659 1709 a

993 1747 1024 1827 β.
1036 1741 1101 1809 Καὶ
1110 1751 1166 1820 τῆς
1180 1743 1315 1835 ἰατρικῆς
1324 1772 1356 1812 τι
1372 1749 1507 1842 μετέχειν
1522 1774 1570 1841 μοι
1584 1743 1698 1831 δοκεῖς.

993 1873 1027 1914 α.
1045 1846 1110 1916 Καὶ
1123 1852 1183 1925 πᾶς
1196 1854 1213 1915 ό
1228 1852 1339 1941 φύσεως
1348 1853 1440 1931 ἐντός.
1457 1847 1483 1920 H
1500 1845 1528 1920 δ’
1545 1855 1665 1950 άπειρία

990 1962 1051 2019 τῶν
1060 1963 1109 2019 νῦν
1119 1952 1267 2048 μαγείρων
1276 1956 1437 2045 κατανόει,
1454 1960 1527 2051 πρὸς
1542 1969 1603 2027 τῶν
1614 1964 1700 2044 θεῶν,

921 2055 967 2127 35
993 2060 1043 2124 οία
1059 2056 1150 2144 ’στὶν,
1170 2055 1437 2156 άλμηνότανίδης
1453 2063 1604 2156 έξίχθύων

992 2161 1178 2231 ὑπεναντίων
1195 2170 1314 2232 αὑτοῖσι
1330 2177 1489 2246 ποιοῦντας
1505 2169 1587 2261 μίαν,

993 2266 1044 2334 καὶ
1058 2266 1170 2361 σήσαμ’
1183 2266 1397 2362 ὑποτρίβοντας
1408 2272 1448 2351 εἰς
1456 2279 1569 2348 ταύτην
1580 2271 1587 2341 l
1599 2274 1702 2343 λαβὼν

992 2376 1117 2441 ἕκαστον
1127 2378 1224 2443 αὐτῶν
1237 2373 1320 2442 κατὰ
1331 2379 1416 2469 μέρος
1426 2374 1665 2472 προσπαρδέτω,

992 2478 1086 2570 κάμοὶ
1098 2482 1238 2573 κέχρητο.
1255 2479 1296 2548 Τί
1307 2479 1364 2575 γὰρ
1381 2479 1417 2548 ἃν
1430 2481 1460 2550 εὖ
1474 2484 1580 2579 γένοιτ’
1594 2489 1656 2568 ἔτι,

920 2586 967 2667 do
993 2596 1048 2663 τῆς
1065 2578 1215 2664 ἰδιότητος
1223 2588 1297 2680 πρὸς
1311 2591 1414 2681 ἑτέραν
1429 2596 1628 2683 μεμιγμένης,

993 2689 1043 2756 καὶ
1058 2695 1303 2784 συμπλεκομένης
1315 2692 1382 2786 οὐχὶ
1395 2699 1565 2786 συμφώνους
1576 2698 1671 2789 άφάς;
1687 2687 1693 2696 ’

995 2797 1031 2863 τὸ
1044 2807 1144 2863 ταῦτα
1160 2789 1264 2890 διορᾶν
1280 2801 1363 2865 ἐστιν
1382 2797 1508 2893 εὐψύχου
1518 2806 1643 2891 τέχνης,

995 2906 1029 2967 οὐ
1043 2902 1079 2968 τδ
1087 2892 1226 2983 διανίζειν
1237 2894 1393 2987 λοπάδας,
1406 2899 1469 2971 οὐδ’
1484 2900 1560 2985 ὄζειν
1575 2917 1701 2972 καπνοῦ·

994 3010 1054 3100 ἐγώ
1069 3006 1127 3101 γὰρ
1141 3008 1181 3085 εἰς
1193 3009 1371 3077 τούπτάνιον
1386 3014 1439 3077 οὐκ
1454 3012 1639 3106 εἰσέρχομαι.

971 3191 1221 3259 nutrimentorum,
1234 3191 1417 3265 (intelligisne
1426 3196 1448 3262 i)
1463 3195 1554 3267 itaque

968 3279 1044 3351 Justo
1056 3287 1177 3353 tempore
1187 3287 1327 3353 sumptum
1339 3279 1421 3337 habet
1434 3282 1561 3354 gratiam.

972 3366 1000 3422 h.
1014 3369 1081 3439 Quis
1094 3367 1155 3425 baec
1166 3367 1310 3424 observet?
1328 3384 1353 3425 ε.
1365 3368 1484 3426 Proinde
1500 3371 1620 3427 tormina

920 3460 953 3512 2⁵
973 3463 1001 3512 et
1010 3455 1092 3512 fletus
1102 3455 1341 3513 exortiinritatum

971 3540 1145 3599 dedecorent.
1159 3541 1241 3615 Apud
1256 3558 1300 3599 me
1311 3551 1404 3601 autem
1415 3544 1464 3600 alit

973 3627 1049 3685 oibns
1061 3629 1212 3701 appositus,
1227 3637 1254 3686 et
1262 3628 1387 3699 diluitur,

972 3721 1099 3788 recteque
1109 3714 1249 3773 exhalatur
1259 3733 1267 3770 ι
1278 3718 1380 3789 quippe
1395 3715 1428 3773 ud
1439 3731 1519 3788 poros
1532 3733 1630 3776 succus

974 3800 1075 3871 pariter
1087 3799 1190 3858 divisus
1199 3817 1294 3858 omnes
1310 3803 1444 3859 consistit.

921 3893 955 3944 ³0
976 3911 988 3936 a
1002 3891 1116 3957 succus,
1128 3912 1141 3939 υ
1151 3890 1426 3962 inquitDemocritus‚
1440 3890 1530 3947 «nihil
1540 3900 1591 3959 est,
1599 3893 1621 3947 si
1631 3893 1703 3951 olon·

1637 3983 1704 4050 [stra

974 4047 1046 4104 facto
1057 4047 1246 4105 comedentem
1263 4046 1382 4105 reddunt
1392 4047 1572 4105 arthriticum.
1584 4072 1597 4098 ι

975 4133 1002 4189 b.
1019 4134 1108 4190 Etiam
1120 4135 1186 4191 artis
1201 4133 1326 4190 medendi
1339 4133 1474 4207 particeps
1488 4150 1545 4192 esse
1556 4134 1623 4191 mihi
1636 4135 1706 4192 vide·

1643 4223 1702 4292 iris,
1768 4254 1772 4262 ³

975 4322 1000 4363 a.
1013 4310 1049 4364 Et
1060 4307 1175 4381 quisque
1185 4316 1313 4365 naturam
1323 4307 1433 4365 callens.
1447 4306 1512 4376 Sed,
1526 4309 1678 4380 ignorantia

932 4460 935 4475 Ι
976 4392 1058 4451 hodie
1069 4409 1234 4466 coquomm‚
1250 4409 1298 4465 per
1310 4393 1386 4460 deos,
1403 4408 1537 4466 cognosce

923 4485 956 4535 ts
975 4480 1063 4552 qualis
1076 4480 1122 4547 sit,
1139 4495 1224 4553 quum
1239 4478 1347 4546 videris,
1362 4478 1423 4535 iilos
1435 4494 1466 4536 ex
1477 4478 1595 4551 piscibus

976 4565 1102 4621 nonnihil
1110 4566 1254 4621 contrariis
1263 4580 1347 4622 unam
1360 4565 1477 4621 muriam
1492 4563 1591 4629 iacere,

975 4661 1003 4710 et
1015 4668 1120 4710 sesama
1129 4651 1165 4708 ad
1173 4669 1233 4709 eam
1244 4659 1367 4709 atterere.
1379 4652 1435 4723 Qui

976 4741 1073 4796 horum
1083 4753 1307 4811 unumquemque
1319 4737 1432 4803 invenit,
1446 4737 1480 4792 iis
1494 4737 1610 4810 siugulis
1621 4754 1704 4812 oppe-

976 4834 1005 4882 et
1014 4841 1058 4882 me
1070 4833 1157 4882 utero.
1173 4824 1245 4895 Quid
1256 4824 1328 4881 enim
1343 4823 1434 4880 adhuc
1449 4824 1496 4881 liet
1508 4824 1583 4894 boni,
1635 4827 1704 4899 [θοι.

924 4920 959 4968 40
978 4913 1141 4986 proprietate
1152 4911 1268 4969 diversae
1277 4910 1398 4968 admixta

976 5010 1005 5058 et
1019 5001 1143 5058 dissonas
1152 4999 1267 5058 chordas
1278 4999 1362 5055 simul
1372 4999 1528 5071 tangendo?

898 5122 901 5137 «
977 5089 1037 5147 haec
1050 5088 1203 5162 perspicere
1215 5096 1257 5143 est
1269 5086 1340 5143 bene
1353 5087 1483 5144 animatae
1497 5088 1574 5154 artis,

899 5140 903 5246 θ
977 5174 1616 5249 nonpatinosattuere,nequetumumolere:
1655 5163 1660 5169 ’

899 5254 902 5332 i
979 5262 1106 5335 equidem
1118 5262 1236 5319 culinam
1250 5261 1324 5320 liaud
1336 5261 1484 5335 ingredior.
