3917 5950
300 495 355 545 386

562 613 610 673 Cl.
635 611 810 670 ΝΙΞΟΤΤΙΣ.

337 772 348 795 υ
365 745 516 801 Meretricis
532 762 652 816 nomen,
667 760 725 816 quo
740 742 824 798 etiam
840 740 970 795 Anaxilas
984 750 1011 794 ct
1028 735 1080 796 Eu·

292 834 377 889 bulas
389 831 498 887 fabulas
511 833 723 905 inscripserunt.
737 828 822 902 Apud
843 828 947 885 Athen.
963 825 1014 901 (ir.
1034 826 1082 901 a.)

292 920 469 994 Antiphanes
482 918 615 974 Neottide
636 918 855 975 Demosthenem
872 917 945 972 ridet
963 926 1084 990 propter

293 1010 385 1062 lusum
396 1006 553 1061 verborum
569 1003 659 1060 δοῦναι
675 1014 704 1060 et
718 1001 878 1072 ἀποδοῦναι,
893 1020 927 1057 ex
941 1021 1000 1076 quo
1012 1021 1082 1059 con-

290 1097 378 1168 jicere
392 1095 475 1164 lieet,
495 1092 631 1166 scriptam
650 1108 709 1147 esse
727 1090 853 1146 fabulam
873 1090 950 1145 circa
971 1089 1081 1164 olymp.

298 1201 369 1256 τος),
382 1201 399 1236 υ
416 1181 496 1255 (οοιο
509 1181 578 1238 Chr.
600 1187 658 1235 nat.
685 1177 770 1253 342).
796 1177 838 1236 Cl.
858 1177 983 1235 Clintoni
1005 1178 1079 1235 Fast.

294 1271 401 1326 llellen.
416 1289 445 1346 p.
461 1266 515 1324 153
530 1268 579 1326 lir.
597 1287 613 1323 u
630 1268 655 1322 Ε
669 1266 714 1324 Μ.

674 1398 701 1436 la.

333 1504 433 1561 Athen.
450 1502 480 1572 3,
491 1521 522 1578 p.
537 1500 604 1571 ιοθ,
620 1501 643 1560 E
657 1518 664 1558 :
679 1496 713 1556 τίι
725 1499 755 1557 ἐκ
767 1497 905 1564 Νεοττίδος
917 1496 1082 1577 Ἀντιφάνους

292 1589 370 1660 τάδε,

341 1704 466 1773 Παίσων
481 1700 549 1797 μετ’
565 1695 698 1796 ἀδελφῆς
711 1703 751 1781 εἰς
770 1696 882 1779 Αθήνας
903 1693 1007 1771 ἐνθάδε

310 1822 315 1831 ’
341 1811 507 1904 ἀφικόμην,
524 1808 625 1902 ἀχθεὶς
640 1808 699 1874 ὑπό
712 1833 793 1885 τινος
807 1807 956 1900 ἐμπόρου,

340 1919 426 2009 Σύρος
439 1918 475 1984 τὸ
488 1916 572 2010 γένος
587 1916 646 1979 ὤν·
669 1915 837 2006 περιτυχὼν
853 1904 884 1977 δ’
900 1917 974 2003 ἡμῖν
991 1902 1041 1976 ὁδὶ

340 2023 568 2116 κηρυττομένοις
582 2014 786 2095 ὀθολοστάτης
801 2013 817 2048 *
831 2016 872 2082 ὢν
888 2019 1031 2109 ἐπρίατο,

294 2127 314 2194 5
340 2125 490 2221 ἅνθρωπος
508 2120 730 2220 ἀνυπίρθλητος
747 2125 789 2201 εἰς
799 2122 956 2216 πονηρίαν,

338 2243 492 2316 τοιοῦτος,
512 2230 573 2309 οἷος
592 2222 688 2323 μηδὲν
703 2230 808 2307 sict-iu
822 2229 920 2296 οἰκίαν

341 2331 414 2430 μηδ’
432 2338 505 2405 thuri
522 2337 696 2431 Πυθαγόρας
711 2340 820 2414 ἐκεῖνος
834 2336 949 2419 ἤσθιεν,

338 2450 354 2510 ό
368 2443 621 2538 τρισμακαρίτης,
639 2443 782 2536 εἰσφέρειν
794 2441 852 2526 ἔξω
869 2442 973 2535 θόμου.

291 2591 381 2645 Versu
401 2608 410 2645 ι
429 2606 579 2663 perperam
598 2588 664 2643 libri
680 2588 749 2653 Παῖς
767 2584 819 2658 ὧν,
838 2606 927 2660 quum
945 2595 1080 2659 sequatur

292 2676 374 2752 Σύρος
385 2710 399 2718 -
408 2674 453 2735 ὧν.
472 2678 577 2750 Scripsi
590 2673 710 2742 Παίῖιοιν,
724 2679 878 2731 saltaturus
892 2695 900 2730 z
915 2694 944 2733 ν.
957 2674 1076 2730 Schnei-

290 2766 349 2821 dcri
364 2767 433 2825 Lex.
443 2785 472 2821 ν.
486 2763 602 2831 Πυίζιιν.
619 2766 697 2820 hloru
707 2765 844 2837 Syrorum
857 2773 886 2818 et
897 2763 1077 2831 Asianorum,

288 2854 419 2908 saltatum
433 2872 498 2909 cum
511 2871 611 2909 sorore
632 2853 661 2907 in
675 2852 792 2908 theatris
808 2852 933 2907 Athenas
947 2850 1078 2919 venitis,

289 2941 337 3013 qui
349 2940 409 2996 haec
429 2941 577 3016 loquitur,
591 2939 641 2996 sed
655 2940 693 2995 ibi
707 2938 840 2996 venditus
854 2949 895 2995 est
916 2955 1003 2994 avaro
1015 2937 1077 2994 cui·

289 3028 353 3083 dom
382 3028 518 3083 imitatori
541 3027 794 3102 Pythagoreorum.
818 3029 852 3083 V.
874 3025 973 3092 rubri
993 3024 1078 3080 etiam

288 3115 333 3169 luc
348 3110 394 3173 ὤν.
409 3112 512 3171 Scribo
526 3102 591 3172 οθν.
604 3117 712 3172 Vocem
725 3110 901 3180 δόολοστάτης
910 3131 944 3168 ex
958 3113 1079 3168 Cornicis

287 3202 371 3259 oliert
384 3204 539 3277 Photiusp.
555 3201 626 3274 314,
643 3202 690 3270 ιθ,
712 3211 771 3258 sec.
791 3202 936 3275 llarpocr.
956 3217 987 3273 p.
1012 3197 1077 3267 ist,

293 3297 339 3355 ιη.
351 3293 385 3349 V.
402 3310 417 3360 7
430 3291 525 3346 malim
539 3288 602 3362 μηδ’
616 3277 654 3346 ὧν
664 3310 698 3365 γι
712 3289 794 3362 nuo,
807 3298 928 3363 propter
938 3287 952 3342 ὁ
962 3306 1077 3364 τρισμο-

288 3374 393 3452 κτρίτης
403 3396 487 3433 versu
495 3377 523 3449 8,
531 3377 580 3435 ubi
591 3373 811 3454 τρισμακάριστος
820 3377 865 3431 rel
874 3371 1077 3453 τρισμοκάριτος

289 3465 391 3538 legitur
404 3466 434 3520 in
450 3465 598 3521 codicibus
615 3464 694 3539 apud
707 3463 914 3522 casaubonum.
930 3451 933 3463 ’

667 3613 696 3653 2.

329 3719 407 3776 Idem
422 3739 449 3789 7,
462 3739 492 3793 p.
507 3720 563 3775 223
574 3762 583 3788 ,
596 3724 618 3775 li
632 3741 641 3802 ·.v
652 3716 837 3794 Δημοσθένης,
851 3671 991 3779 ultimos
1001 3717 1075 3791 Ἀθη-

286 3804 367 3870 ναίοκ
381 3802 533 3884 Ἁλόννησον
541 3803 666 3878 διδόντος,
678 3803 848 3864 συνεόοόλευε
862 3805 900 3883 μὴ
914 3805 1074 3880 λαμόάνειν,

288 3895 310 3948 εἰ
326 3891 440 3964 δίδωσιν,
455 3891 522 3948 ἀλλὰ
533 3889 572 3967 μὴ
585 3891 753 3965 ἀποδίδωσιν,
763 3891 827 3973 ὅπερ
837 3892 907 3954 Ἀντ.
918 3895 945 3952 ἐν
956 3894 1075 3954 Νεοττίδι

285 3977 393 4037 παιδιάν
403 3976 509 4045 θίαενος
522 3979 656 4059 ίρεοχελεῐ
670 3981 743 4038 τόνδε
757 3979 801 4039 τὸν
808 3980 915 4059 τρόπον·

332 4152 362 4195 α,
378 4120 405 4191 ὁ
421 4117 571 4204 δεσπότης
588 4118 623 4192 δὲ
637 4125 736 4193 πάντα
745 4129 785 4193 τά
801 4125 881 4220 παρὰ
895 4138 947 4194 τοῦ
961 4128 1076 4221 πατρὸς

333 4225 497 4316 ἀπέλαόεν,
514 4236 613 4324 ὥσπερ
626 4226 743 4299 ἔλαθεν.
761 4236 791 4318 β.
804 4227 950 4326 Ιίγάπησέ
964 4229 995 4327 γ’
1011 4229 1047 4300 ἀν

328 4340 369 4404 τό
381 4343 460 4431 ῥῆμα
474 4349 563 4405 τοῦτο
576 4333 779 4431 repulsior*
795 4340 993 4432 Δημοσθένης.

594 4524 757 4579 ΝΕΟΤΤΙὸ.

666 4618 691 4667 l.

318 4694 473 4749 Saltatums
483 4709 540 4751 una
553 4711 618 4752 eunt
630 4712 724 4752 sorore
738 4695 794 4751 huc
810 4694 928 4753 Athenas

319 4782 396 4844 veni.
411 4779 545 4836 adductus
560 4798 576 4836 a
591 4782 710 4853 quodam
724 4790 892 4849 mercatore,

318 4869 526 4939 Syrusgcnere3
540 4883 590 4923 nos
603 4877 694 4924 eutem
703 4868 848 4926 offendens
861 4885 909 4942 per
918 4885 1070 4942 prrcconem

319 4951 474 5008 vendendos
485 4952 601 5024 proinde
610 4955 678 5010 emit
691 4954 736 5010 hic
750 4954 909 5019 loenerator.

283 5046 298 5094 5
319 5040 402 5094 Ιιυιιιο
415 5053 469 5092 uon
483 5040 686 5109 exsuperantius
699 5043 754 5098 vita
770 5042 935 5110 miserabili,

316 5127 365 5199 qui
379 5124 448 5181 nihil
465 5124 579 5181 domum
591 5126 659 5184 ierat

315 5229 349 5267 ne
363 5211 472 5265 illorum
482 5210 609 5281 quidem,
623 5228 686 5283 quas
695 5213 792 5269 edehat
806 5215 971 5287 Pythagoras
982 5217 1027 5274 ille

317 5308 357 5354 tur
370 5307 464 5353 uentus
476 5338 483 5364 ‚
496 5305 593 5369 practer
604 5298 739 5368 thymum.

807 468 942 538 llElllAE
965 470 1169 536 COMOElllAE
1195 474 1398 548 llELlQUlAE'.

1131 613 1246 665 Vcrsua
1266 610 1304 663 sic
1324 607 1413 662 Dobr.
1435 607 1470 662 ad
1490 608 1632 682 Aristoph.
1654 608 1728 665 Nuh.
1748 607 1827 677 1382,
1847 627 1885 682 pru

1132 703 1284 782 Ἰίγάπησεν
1297 703 1339 773 διν,
1366 720 1456 779 quum
1482 704 1560 777 apud
1583 702 1660 760 Plut.
1682 705 1738 760 Vit.
1762 706 1884 762 Demostl.

1130 814 1194 869 cap.
1209 814 1239 870 9,
1249 795 1301 868 qui
1312 793 1408 867 etipse
1417 792 1476 847 haec
1489 792 1582 859 allert,
1600 794 1708 867 legatur
1717 790 1831 866 ἠγάπησε
1840 792 1885 866 γάρ.

1131 884 1241 940 Falsum
1251 892 1345 937 autem
1352 877 1488 955 ἠγάπησεν
1504 877 1546 951 ἂν,
1555 882 1715 954 probasset,
1723 881 1801 954 quasi
1807 899 1886 936 nones

1128 970 1216 1027 verba
1235 969 1295 1044 ipse
1314 967 1518 1024 Demosthenes
1532 978 1614 1022 antea
1629 965 1689 1038 jam
1711 968 1885 1042 usurpavisse

1129 1058 1180 1131 qui
1190 1074 1274 1114 error
1282 1056 1396 1131 peperit
1406 1056 1526 1112 alterum
1540 1073 1624 1111 versu
1636 1054 1653 1110 3
1667 1052 1834 1127 Δημοσθένης,
1845 1072 1886 1130 pro

1130 1162 1189 1218 quo
1212 1144 1276 1219 lego
1296 1139 1541 1217 Δημοσθένους.
1556 1138 1599 1199 De
1617 1162 1635 1211 η
1652 1153 1681 1198 et
1697 1160 1728 1198 ω
1745 1140 1855 1199 confusis
1868 1162 1886 1198 ε.

1129 1231 1252 1289 indicem
1263 1230 1448 1306 Thucydidis.

1506 1340 1523 1397 3

1169 1454 1315 1524 ldem13,
1336 1474 1364 1531 p.
1382 1454 1457 1524 586,
1473 1458 1513 1523 Α,
1528 1452 1567 1511 de
1576 1454 1701 1529 Sinope:
1718 1450 1859 1527 μνημονεύει
1869 1452 1887 1508 δ’

1129 1543 1209 1612 αὐτῆς
1221 1541 1289 1601 Ἀντ.
1305 1544 1332 1600 ἐν
1344 1540 1449 1620 Ἀρκάδι
1461 1540 1506 1600 καί
1519 1543 1546 1599 ἐν
1560 1541 1704 1619 Κηπουρῷ,
1717 1541 1742 1597 ἐν
1755 1539 1886 1619 Ἀκεστρίᾳ,

1128 1631 1155 1688 ἐν
1170 1628 1300 1689 Νεοττίδι.

1380 1762 1443 1820 Cll.
1464 1760 1649 1821 ourluoz.

1166 1910 1255 1964 «uos
1271 1908 1324 1962 nu
1338 1925 1441 1962 nomen
1457 1906 1554 1975 οισι,
1569 1886 1713 1961 esrobaeo'
1724 1905 1812 1960 nour.
1826 1922 1883 1969 ιο,

1132 1994 1176 2064 15,
1190 1994 1363 2070 intelligitur.
1379 1997 1428 2049 ιΕ
1444 1996 1487 2052 Μ.

1168 2085 1267 2140 Pollux
1286 2102 1338 2153 ιο,
1354 2102 1388 2142 at
1412 2103 1418 2137 ι
1438 2080 1541 2160 εἴρηται
1554 2078 1638 2138 τοίνυν
1653 2081 1680 2139 ἐν
1700 2078 1823 2154 Αἰσχύλου
1842 2079 1883 2136 Σι·

1127 2172 1200 2252 σύφιρ
1208 2174 1237 2222 ι’
1248 2166 1658 2249 Ἰδοῦσταθμοῦχοςίγκατήλλιιν
1668 2168 1721 2247 φῶς
1730 2168 1796 2244 tepet
1803 2171 1838 2246 [v.
1845 2167 1883 2225 ἀί·

1125 2262 1216 2338 schyli
1229 2261 1343 2339 Fragm.
1363 2280 1426 2337 quse
1438 2259 1593 2330 edidimus,
1609 2276 1637 2333 p.
1652 2256 1709 2334 97)
1727 2253 1811 2313 ιλιι.
1823 2255 1848 2312 δὲ
1862 2255 1882 2309 ἐν

1127 2349 1250 2430 Ὀὅρίμῳ
1263 2347 1341 2428 φησίν
1807 2428 1814 2439 ι

1175 2494 1205 2535 α.
1223 2456 1264 2534 hs
1280 2468 1386 2559 κελεόη
1406 2461 1470 2556 μ’ίι
1491 2465 1725 2556 σταθμοῦχος...
1743 2464 1771 2544 β.
1790 2448 1815 2525 ll
1827 2485 1880 2525 στα-

1571 2570 1701 2660 θμοῦχος
1714 2559 1744 2631 θ’
1759 2567 1816 2631 ἔστι
1828 2590 1878 2643 τις;

1175 2672 1231 2767 ἀρά
1245 2673 1276 2768 γ’
1293 2673 1466 2757 ἀποπνίξεις
1483 2700 1520 2765 με
1541 2677 1645 2747 καινὴν
1664 2671 1735 2764 πρός
1750 2696 1785 2762 με
1799 2662 1880 2735 druic-

1701 2802 1769 2843 κτον
1780 2783 1877 2852 λαλίινς

1174 2913 1203 2956 α.
1223 2886 1304 2955 Εἴτε
1323 2887 1431 2955 τάττοι
1447 2883 1480 2979 μ’
1495 2892 1512 2953 ὁ
1527 2888 1737 2981 στέγαρχος...

1125 3029 1213 3082 Versu
1230 3046 1240 3082 1
1259 3027 1324 3084 libri
1335 3023 1382 3086 Ἂν
1401 3049 1428 3084 ιι.
1439 3048 1473 3102 με
1487 3047 1531 3086 or.
1545 3024 1614 3095 ἢστ.
1629 3022 1653 3080 δ’
1666 3022 1689 3083 ἔ.
1701 3023 1753 3094 τίς
1768 3036 1794 3080 et
1807 3023 1881 3078 hocct

1126 3114 1142 3170 3
1155 3134 1238 3171 versu
1246 3136 1318 3190 opus
1328 3128 1368 3173 cst
1375 3118 1506 3175 articulo.
1516 3117 1602 3173 Mein.
1616 3126 1695 3170 reete
1705 3111 1732 3181 ἢ.
1747 3108 1882 3173 δοθτίιοιῑ·

1124 3223 1177 3260 nus
1188 3215 1297 3279 aptum.
1313 3209 1346 3265 V.
1362 3224 1378 3260 a
1396 3205 1463 3261 libri
1477 3205 1577 3259 vitiose
1596 3199 1746 3267 ἀποπνίξεις
1759 3198 1785 3258 δι’
1799 3220 1880 3273 precr-

1125 3289 1182 3361 νὴν,
1198 3303 1253 3351 etc.
1275 3292 1398 3349 llleinelr.
1419 3291 1536 3364 conjicit
1551 3278 1593 3365 ἀρ’
1616 3292 1767 3353 ἀποκτενεῖς
1787 3308 1831 3362 με,
1849 3287 1881 3341 rel

1125 3378 1273 3445 ἀποκνίσεις
1283 3377 1335 3457 γὰρ
1345 3377 1376 3448 δή
1392 3401 1439 3454 με,
1450 3382 1480 3434 in
1492 3379 1596 3454 quibus
1608 3377 1790 3452 probandum
1800 3362 1881 3452 «stip,

1123 3487 1183 3523 non
1196 3469 1264 3524 item
1278 3471 1444 3538 ἀποκτενεῖς,
1458 3469 1503 3524 uel
1520 3466 1687 3537 ἀποκνίσεις,
1701 3484 1787 3539 quum
1804 3465 1881 3537 vulga-

1123 3565 1182 3613 tum
1194 3553 1343 3623 ἀποπνίξεις
1353 3555 1482 3613 firmetur
1491 3557 1631 3630 scriptura
1643 3553 1751 3610 codicis
1758 3556 1882 3627 Jungcm.

1124 3641 1289 3714 ἀποπνήξιις.
1308 3644 1374 3717 h'jus
1388 3644 1467 3701 verbi
1479 3662 1515 3700 ne
1532 3642 1719 3719 producenda
1733 3652 1800 3698 esset
1815 3641 1884 3695 altera

1123 3735 1246 3808 syllaba,
1266 3735 1367 3810 scripsi
1389 3723 1441 3811 ἆρά
1462 3735 1498 3809 γ’.
1524 3733 1669 3790 Βολλοτιισ
1687 3733 1808 3787 tentabat
1821 3728 1883 3787 'tit'

1125 3820 1272 3888 ἀποπνίξεις
1287 3821 1348 3901 γάρ
1360 3844 1393 3899 με
1404 3845 1446 3893 κ.,
1459 3817 1654 3888 Ηοτῐοιιειιι.νὴ
1673 3817 1716 3877 Δί’
1731 3818 1823 3874 ἀποπν.
1834 3813 1883 3872 V.3

1123 3912 1210 3988 vulgo
1233 3910 1257 3968 εἰ
1279 3909 1390 3970 τίταιιτό
1415 3931 1461 3984 μοι
1481 3906 1643 3984 στιγάρχυιν.
1665 3905 1739 3965 Cod.
1758 3907 1883 3978 iungens.

1123 3998 1170 4070 ἤτε
1186 3996 1454 4077 τιικτοιμιστεγάρχον
1467 3996 1550 4073 (sic).
1560 3995 1683 4051 Meinelt.
1690 3993 1716 4051 εἴ
1723 4015 1747 4051 τι
1758 3992 1839 4049 τάττοι
1849 4011 1883 4062 μοι

1123 4087 1278 4167 στέγαρχος,
1289 4089 1340 4146 sed
1352 4109 1380 4151 v.
1393 4088 1430 4145 ad
1448 4108 1478 4146 ν.
1494 4105 1505 4142 ι
1524 4084 1579 4145 llol
1597 4085 1698 4142 elisum
1711 4096 1763 4157 est,
1775 4092 1806 4137 ut
1821 4076 1881 4152 apud

1125 4180 1269 4255 Aristoph.
1278 4183 1332 4237 Ar.
1346 4177 1384 4235 86
1394 4187 1423 4234 et
1432 4180 1517 4251 Vesp.
1526 4175 1595 4233 θοι.
1605 4175 1698 4232 Bentl.
1712 4173 1822 4231 :ulline
1832 4176 1881 4221 sunt

1123 4286 1268 4343 personae,
1279 4286 1400 4342 marum
1410 4267 1492 4342 prior
1502 4283 1580 4321 novo
1590 4264 1731 4320 vocabulo
1738 4262 1821 4317 utitur
1830 4277 1880 4311 στι·

1123 4353 1231 4433 θμοόχῳ
1244 4374 1300 4431 pro
1313 4350 1502 4431 οἰκοδεσπότῃ,
1516 4352 1598 4428 quod
1610 4354 1700 4409 altera
1715 4367 1744 4407 se
1759 4356 1835 4421 negat
1845 4345 1880 4397 in-

1500 4542 1528 4592 2.

1117 4655 1142 4696 ι.
1156 4641 1292 4698 Dominus
1305 4648 1399 4697 autem
1412 4641 1507 4697 omnia
1517 4639 1603 4711 putris
1614 4637 1687 4694 hona

1116 4732 1224 4800 recepit
1237 4729 1289 4797 ita,
1303 4737 1336 4785 ut
1345 4730 1427 4801 cepit.
1442 4728 1470 4783 b.
1484 4726 1649 4783 rmmvsrit.

1117 4814 1168 4871 hoc
1182 4814 1272 4883 verbi,
1292 4823 1435 4888 aceeptum
1449 4831 1465 4873 a
1481 4814 1675 4871 Demosthene.

1426 4929 1597 4986 OBthlUS.

1115 5060 1138 5100 a.
1151 5045 1179 5099 Si
1194 5041 1259 5115 quid
1272 5059 1317 5100 nte
1326 5059 1407 5115 agere
1417 5043 1514 5115 iubeat
1527 5043 1724 5112 σταθμυορος...
1739 5037 1761 5091 h.
1777 5039 1816 5089 Αο
1828 5044 1875 5079 ⁶1¹·

1592 5110 1874 5197 {upotpoealiquisestl
1916 5121 1917 5166 t

1116 5216 1275 5272 enecahisno
1290 5232 1335 5271 me
1349 5216 1431 5287 igitur
1446 5231 1515 5271 novo
1526 5229 1652 5271 sermone
1663 5208 1783 5283 loquens?
1916 5195 1917 5224 ί

1115 5320 1139 5360 a.
1154 5304 1180 5359 Si
1195 5302 1260 5374 quid
1272 5303 1387 5374 imperet
1402 5301 1468 5357 milri
1482 5302 1651 5372 στέγαρχος...
