3917 5950
722 545 983 608 ANTtPttarttts.

112 686 157 750 tio
174 684 291 774 σαπροὺς
304 675 417 771 κομιδῇ
438 673 493 765 δὲ,
512 675 627 757 παίζειν
651 681 701 746 καὶ
714 686 829 772 γελοῖος

72 790 88 859 5
111 788 265 857 τούναντίον
278 785 333 880 γὰρ
345 793 405 852 πᾶν
420 779 484 852 ἔδει
496 789 617 863 τούτους
633 796 747 872 ποιεῖν,

110 901 155 965 τὸν
168 899 218 988 μὲν
225 898 329 989 γελᾶν,
346 896 397 961 τὸν
411 885 442 958 δ’
453 894 552 985 ἕτερον
566 890 708 984 οἰμώζειν
719 921 830 987 μακρα.

71 1030 142 1082 term
154 1043 171 1079 a
181 1023 245 1078 libri
256 1014 412 1094 συνάγοντα.
422 1020 552 1077 Correxit
561 1020 678 1077 Grotius
694 1024 827 1097 Excerpt.

71 1132 94 1189 p.
111 1111 169 1167 631.
182 1112 212 1165 V.
236 1115 252 1174 h
270 1109 309 1164 ita
326 1107 484 1182 Schweigh.
502 1119 530 1163 et
543 1109 645 1181 Pors.;
660 1109 727 1165 libri
740 1121 832 1187 metro

71 1201 161 1255 violato
182 1194 208 1254 dl
225 1216 287 1270 trop.
301 1196 336 1253 V.
353 1195 372 1251 6
391 1220 404 1245 ι
423 1195 488 1252 cod.
509 1192 660 1272 Cprxplo,
678 1208 710 1253 ut
730 1199 832 1254 Athen.

71 1308 100 1363 p.
112 1285 171 1363 385,
181 1286 213 1357 C,
225 1284 297 1341 dixit
307 1280 412 1363 μακρὰν
423 1280 536 1361 χαίρειν.
545 1308 559 1333 ι
569 1285 611 1342 Μ.

171 1510 174 1517 ¹
213 1429 369 1492 cxxxiv.
392 1428 663 1491 οιιοιιιιινιικ

102 1569 206 1626 cubitu
219 1567 255 1625 do
269 1567 322 1624 hac
340 1566 437 1623 sabula
449 1566 620 1634 Μοὶοολίιιο,
633 1578 660 1624 et
673 1568 711 1625 ad
723 1569 753 1626 Φ
762 1567 830 1624 ιλῶ·

70 1657 231 1730 suspectari
251 1665 335 1731 patet
357 1674 365 1710 ι
384 1654 465 1729 qaod
478 1656 567 1713 verbo
581 1655 642 1729 jam
659 1656 834 1714 indicaverat

69 1747 167 1803 Grotius
177 1747 241 1800 Ere.
255 1761 285 1818 p.
308 1742 378 1802 632.

100 1843 212 1899 Stobera
229 1842 330 1900 Floril.
356 1841 429 1915 115,
459 1840 510 1915 15,
535 1854 565 1898 et
598 1844 732 1899 Arsouius
754 1844 831 1902 Viol.

70 1951 94 2005 p.
109 1931 166 2001 tio,
178 1949 239 1987 cum
251 1931 385 1986 lemmate
395 1927 559 2008 Ἀντιφάνους
568 1930 599 1988 ἐκ
610 1927 790 2001 Φιλοκτήτου.

111 2044 189 2134 Σορόν
205 2046 238 2135 γε’
254 2040 304 2109 τοί
316 2069 348 2109 τι
368 2043 441 2134 πρὸς
459 2044 495 2110 τὸ
514 2046 666 2127 βουλεύειν
680 2044 746 2134 ἔχει

108 2150 252 2242 τὸγῆρας,
267 2154 310 2226 ὡς
326 2140 365 2223 δή
379 2145 472 2217 πόλλ’
489 2140 597 2218 ἰδόντε
610 2149 662 2217 καὶ
676 2151 781 2218 παθόν.

233 2284 378 2386 οιτον.
399 2302 639 2387 piscaturae.

103 2461 192 2520 Athen.
203 2461 231 2531 3,
242 2480 272 2538 p.
291 2480 362 2533 roc,
374 2463 401 2517 D
417 2481 424 2517 ι
444 2460 603 2536 μνημονεύει
616 2462 663 2531 τῆς
675 2460 776 2539 μήτρας
790 2462 834 2520 καλ

71 2545 127 2608 'lm
141 2550 165 2608 ίν
175 2548 341 2628 Φιλομήτορι
352 2546 434 2616 utitor
442 2593 463 2633 ,γ

110 2654 253 2758 ίῑμμητρον
267 2663 324 2732 ἐὰν
344 2663 364 2738 ἦ
384 2666 428 2733 τό
438 2663 540 2750 ξολιν,
556 2665 693 2749 βλάστην
708 2666 785 2757 ἔχει.

109 2770 283 2864 Μητρόπολίς
297 2774 382 2838 ἐστιν
391 2771 459 2861 οὐχὶ
471 2771 666 2863 Πατρόπολις
680 2770 785 2847 αυλις.

110 2882 216 2970 Μίτραν
224 2880 303 2955 ruia
313 2884 469 2945 πωλοῦσιν
475 2869 516 2951 ἥδ
520 2902 602 2945 ιοτον
613 2880 697 2970 κρέας
709 2915 711 2918 <

109 2989 216 3078 Μητρᾶς
231 2991 248 3052 ό
261 2984 343 3062 Χῖός
363 2987 429 3053 ἐστι
446 2995 491 3071 τῷ
505 2980 596 3078 δήμῳ
610 2983 704 3077 ριλος.

73 3107 163 3166 llorum
186 3112 329 3168 sententiae
354 3130 412 3167 non
437 3113 591 3183 coherent,
627 3122 835 3188 proptereaque

72 3210 161 3254 tantum
181 3199 342 3276 composita
354 3219 413 3256 csse
433 3200 595 3269 videantur,
616 3211 650 3255 ut
669 3219 735 3256 usus
754 3200 833 3255 verbi

73 3285 144 3365 μήτρα
153 3299 179 3345 et
190 3290 225 3345 ah
238 3308 274 3346 eo
286 3289 445 3346 ductorum
455 3288 664 3360 ostenderetur;
674 3289 725 3345 sed
735 3308 836 3346 vereor

73 3386 97 3428 ιιι
108 3375 216 3450 genuina
228 3378 292 3433 sint.
316 3402 331 3427 ι
344 3379 387 3433 De
397 3371 466 3454 ξύλῳ
480 3374 609 3454 ἔμμήτριρ
621 3377 681 3433 dixi
695 3378 731 3432 ad
740 3377 833 3434 Theo-

73 3464 124 3516 criti
144 3465 222 3538 Idyll.
245 3464 295 3537 οδ,
316 3483 388 3541 209.
412 3469 447 3523 V.
467 3483 484 3520 α
505 3466 605 3522 addidi
624 3462 715 3535 πόλις,
735 3477 764 3522 et
781 3485 835 3540 pro

72 3547 208 3627 μητρόπολις
220 3565 248 3609 et
260 3549 426 3630 πατρόπολις
439 3554 537 3627 scripsi
553 3551 723 3629 Μητρόπολις
737 3564 767 3608 et
778 3554 835 3611 Πο-

72 3636 182 3713 τρόπολις.
209 3641 382 3715 Metropoles
408 3639 494 3714 urbes
515 3651 719 3696 commemorat
739 3642 836 3716 plures

71 3726 206 3801 Stephanus
216 3730 334 3804 Byzant.
346 3746 378 3803 p.
392 3724 461 3797 557,
475 3745 596 3799 quarum
605 3727 796 3784 celeberrimae
808 3731 836 3784 in

73 3816 148 3886 Lydia
163 3828 190 3873 et
208 3820 334 3893 Phrygia
350 3817 410 3874 sitta
424 3824 515 3873 eram.
530 3818 574 3873 Dc
588 3815 676 3891 Lydia
689 3835 718 3873 ν.
735 3831 837 3894 praeter

72 3902 259 3972 aliosdllianus
270 3909 309 3963 tt.
322 3909 360 3964 A.
377 3905 425 3974 16,
443 3903 546 3974 383110
562 3903 697 3980 Phrygia,
711 3908 740 3961 in
757 3908 837 3978 cujus

72 3989 157 4047 ricinia
184 3993 339 4050 Alcibiadis
365 3994 528 4067 sepulcrum
553 3993 624 4058 tuit.
653 3995 757 4053 Athen.
786 3997 835 4064 171,
861 4021 865 4065 γ

73 4094 96 4148 p.
118 4075 181 4150 574,
199 4083 231 4139 1².
261 4086 295 4141 V.
324 4089 341 4149 lt
370 4081 503 4159 Μητρᾶς,
527 4084 557 4140 ίι.
585 4100 611 4139 c.
642 4082 837 4160 Μητρόδωρος,

72 4167 152 4239 scripsi
159 4188 209 4242 pro
220 4169 300 4226 edito
313 4167 429 4248 Μήτροις
441 4191 448 4225 :
461 4191 488 4231 v.
503 4169 597 4245 Etym.
607 4173 645 4230 Μ.
657 4192 687 4247 p.
698 4175 773 4247 ²34,
787 4194 836 4241 ao,

73 4253 156 4311 hrcad.
175 4259 215 4314 De
228 4270 339 4318 accent.
352 4277 382 4333 p.
398 4278 449 4329 ar,
476 4261 520 4316 18.
544 4262 699 4335 incertum,
716 4264 779 4335 quis
797 4265 834 4317 si·

72 4338 208 4412 gnihcetur.
233 4344 434 4404 Metrodorum
456 4339 572 4418 Chium,
594 4350 758 4409 Anaxarchi
777 4352 836 4406 ab·

101 4508 136 4563 sin
147 4517 232 4566 autem
243 4511 418 4569 vehementer
431 4522 533 4585 putres,
541 4514 628 4585 jocari
638 4530 669 4569 ao
679 4514 786 4570 ridere?

73 4600 86 4646 i
102 4612 199 4667 prorsas
207 4600 279 4656 enim
290 4601 428 4658 contrario
440 4601 522 4658 modo
535 4603 584 4658 hor
596 4617 675 4672 agere
685 4602 837 4676 oportebat,

101 4684 199 4741 utalter
210 4686 328 4754 rideret,
344 4688 414 4744 alter
423 4687 627 4744 lamentaretur.

291 4775 536 4834 rflttccretrs
548 4781 599 4845 (ἓ).

74 4857 218 4929 Sapientiam
229 4860 368 4935 quandam
380 4864 414 4920 ad
426 4863 624 4921 consulendum
636 4861 717 4921 hahet

74 4957 198 5016 ειοοιιιιτ,
212 4959 243 5006 ut
253 4967 317 5023 quar
325 4968 389 5008 sane
404 4955 489 5010 ruotta
504 4962 530 5010 et
540 4952 636 5009 viderit
645 4963 672 5010 et
684 4970 762 5026 passa
776 4953 820 5010 ait.

302 5042 438 5099 attritis
456 5044 590 5100 tutus.

74 5117 237 5180 Medullorum
250 5126 274 5182 si
285 5136 327 5183 est
337 5128 457 5201 lignum,
471 5130 554 5187 hahet
565 5143 687 5202 germen.

75 5204 216 5279 ltctropolis
229 5213 296 5270 urbs
314 5231 367 5272 non
381 5227 423 5274 est
436 5219 594 5289 Patropolis.

75 5289 199 5351 Matricem
213 5309 280 5355 suut
295 5301 341 5371 qui
355 5303 472 5360 reindaut
489 5321 538 5377 pro
552 5321 634 5362 carue
645 5303 818 5364 suauissima.¹

74 5377 162 5436 ,doras
171 5385 253 5462 Chius
266 5391 356 5459 populi
372 5392 474 5448 aruir-trs
488 5402 535 5448 est.

861 4535 865 4583 ι
1098 4478 1104 4481 ’
1135 4479 1265 4578 paruis
1287 4522 1419 4577 atrias.

861 4807 864 4868 γ
886 4780 1002 4850 reliqui?

1602 563 1665 612 too.

876 686 985 757 deritre,
995 649 1156 760 olympiade
1168 707 1178 743 ι
1188 689 1309 759 ιουΙοι·ἰ,
1319 689 1482 762 magistrum
1488 708 1661 743 commemo·

877 787 920 830 rat
939 777 1024 851 Diog.
1041 775 1133 831 Lacrt.
1155 795 1184 848 9,
1208 794 1252 844 ro,
1278 776 1327 830 uhi
1351 795 1379 833 ν.
1399 777 1554 849 Menapios.
1585 777 1662 833 Alius

810 894 819 915 l
877 861 1058 921 Metrodorus
1081 864 1167 920 Chius
1182 864 1301 919 habetur
1316 866 1343 918 in
1359 864 1442 918 titulo
1456 862 1533 936 apud
1545 863 1660 921 Boecklr.

876 950 908 1008 C.
925 950 946 1005 l.
962 966 992 1024 a,
1006 964 1034 1024 p.
1051 966 1121 1022 201,
1143 967 1189 1007 ao.
1204 952 1254 1006 »E
1267 953 1309 1009 M.
1328 950 1408 1006 ldem
1421 968 1450 1008 ν.
1469 964 1481 1005 ι
1497 945 1527 1005 ἃν
1544 936 1571 1024 ή.

1056 1097 1214 1158 CXXXVl.
1243 1098 1484 1159 ΦΙΛΟΠΑἸὮΡ.

921 1274 933 1299 ι
949 1248 1164 1325 Philopatorem
1178 1254 1264 1310 latine
1276 1254 1431 1311 reddidisse
1444 1254 1663 1329 videturTurpi·

877 1339 946 1407 lius,
968 1338 1050 1410 cujus
1063 1341 1273 1416 Philopatorem
1293 1343 1443 1417 aliquoties
1461 1355 1665 1403 cominemorut

878 1427 989 1482 Nouius
998 1468 1007 1499 ,
1017 1428 1073 1483 nisi
1086 1429 1109 1484 is
1123 1429 1271 1505 Posidippi
1285 1432 1497 1507 Philopatorem
1506 1433 1662 1505 expressit:

877 1533 904 1572 ν.
923 1514 1019 1571 Bothii
1033 1517 1145 1592 Fragm.
1159 1519 1240 1575 som.
1258 1520 1306 1576 lat.
1322 1537 1351 1593 p.
1370 1537 1420 1592 91.
1437 1542 1450 1568 ν
1466 1519 1553 1576 Melo.

919 1638 1021 1697 Athen.
1039 1640 1085 1713 13,
1099 1663 1131 1718 p.
1150 1642 1207 1718 559
1218 1646 1263 1714 ,D
1278 1663 1284 1702 :
1299 1640 1367 1701 Ἀντ.
1381 1644 1408 1700 ἐν
1418 1641 1584 1721 Φιλοπάτορι

926 1799 955 1837 α.
972 1766 1246 1866 Γεγοίμηκοδήπου.
1256 1778 1286 1857 β.
1295 1775 1336 1841 Τί
1347 1777 1485 1868 σὺλέγεις
1496 1798 1506 1856 ;
1518 1775 1641 1847 ἀληθινιῖ
1652 1803 1665 1852 ς

927 1877 1112 1971 γεγάμηκεν,
1128 1879 1160 1946 ὃν
1173 1882 1231 1973 ἐγὼ
1247 1876 1346 1957 ζῶντα
1360 1880 1582 1973 περιπατοῦντά
1596 1906 1629 1949 τι

925 1988 1109 2070 κατίλιπον;

879 2131 967 2185 Versu
983 2147 995 2184 1
1012 2130 1051 2187 sic
1063 2128 1154 2187 Dohr.
1170 2130 1288 2187 hdrem.
1302 2150 1338 2201 a,
1353 2150 1384 2206 p.
1404 2131 1473 2198 341.
1488 2131 1568 2187 Libri
1589 2131 1620 2189 Ι’.
1638 2130 1663 2187 δ.

879 2212 911 2271 σὺ
926 2212 952 2271 τί
966 2215 994 2273 λ.
1007 2215 1062 2273 Sed
1072 2216 1293 2292 inutile‚1requo
1303 2219 1454 2293 usitatum,
1467 2231 1509 2276 est
1523 2217 1555 2276 oh
1568 2221 1597 2276 in
1610 2221 1667 2275 hao

880 2301 1020 2376 formula,
1039 2322 1093 2361 nec
1110 2322 1178 2360 raro
1190 2299 1223 2361 σὺ
1237 2318 1267 2363 et
1279 2304 1321 2363 col
1335 2306 1453 2362 confusa
1473 2327 1480 2361 ε
1503 2326 1530 2363 ν.
1544 2324 1612 2365 ann.
1630 2306 1667 2365 ad

884 2391 968 2450 Iliad.
985 2409 1015 2466 9,
1035 2392 1105 2462 438,
1119 2393 1209 2467 Soph.
1231 2395 1327 2469 Anug.
1345 2413 1412 2469 197,
1432 2397 1551 2469 ipsaque
1565 2417 1589 2453 οι
1606 2408 1634 2452 et
1652 2419 1667 2451 υ

879 2481 1020 2552 permixta
1032 2479 1130 2537 videas
1144 2480 1239 2540 AEsch.
1255 2481 1327 2538 Cho.
1352 2488 1402 2552 at,
1423 2483 1498 2537 Pluti
1524 2501 1591 2552 112,
1609 2493 1666 2543 etc.

880 2567 982 2623 Scribo
993 2568 1070 2624 enim
1084 2567 1147 2644 Γιγ.
1165 2565 1248 2638 δήπου
1262 2566 1322 2625 σοί.
1347 2571 1374 2645 β.
1391 2567 1428 2627 Τί
1441 2568 1540 2645 λέγεις,
1560 2575 1667 2646 Αριιιιιι

881 2655 927 2710 hle
951 2655 1091 2714 familiare
1109 2654 1150 2713 rol
1170 2657 1343 2715 encliticam.
1370 2682 1382 2706 ι
1404 2659 1538 2717 Similiter
1555 2659 1668 2733 jocatur

881 2745 977 2800 nescio
992 2747 1056 2820 quis
1068 2745 1147 2821 apud
1161 2748 1289 2811 Eustath.
1308 2767 1339 2822 p.
1359 2744 1446 2818 1552,
1463 2750 1525 2806 init.
1541 2767 1549 2808 ε
1564 2750 1617 2806 τῶν
1630 2771 1668 2812 τις

882 2831 1004 2888 παλαιῶν
1018 2830 1104 2912 φίλον,
1124 2830 1185 2911 pol<
1198 2830 1246 2909 plu
1261 2833 1359 2909 ἄζυγα,
1380 2833 1495 2913 σήμερον
1516 2833 1544 2894 ll
1564 2837 1668 2913 γυναικὶ

881 2916 1034 2992 tractore,
1053 2918 1248 2998 οίκτισίμινος,
1275 2921 1372 3000 Οἴμοι,
1389 2920 1453 3003 ίρη,
1474 2925 1535 3004 χθὲς
1556 2922 1614 2995 ἶζηί
1632 2928 1668 2991 ὡς

881 3006 956 3075 δῆθεν
970 3005 1085 3086 σήμερον
1098 3009 1216 3076 τεθνεώς.
1232 3015 1278 3067 »E
1291 3015 1333 3069 M.
1343 3015 1377 3069 V.
1389 3032 1406 3068 a
1421 3010 1449 3070 τὲ
1462 3014 1574 3070 addidit
1585 3017 1667 3088 Kop-

879 3096 964 3170 piers.
984 3097 1102 3156 Observ.
1119 3117 1149 3174 p.
1162 3096 1209 3170 57.

1089 3231 1265 3292 cxxxvii.
1289 3232 1460 3293 ΦΙΛΩΤΙΣ.

921 3376 1024 3431 Athen.
1050 3383 1097 3447 ιιι,
1118 3396 1149 3451 p.
1169 3377 1237 3446 662,
1255 3379 1276 3432 B
1294 3396 1301 3434 ;
1317 3373 1385 3435 ’hro
1401 3377 1427 3433 ἐν
1449 3374 1595 3445 Φιλώτιδι,
1621 3376 1668 3448 τήν

881 3460 973 3540 coplas
993 3463 1045 3519 τῶν
1058 3462 1188 3541 μαγείρων
1199 3461 1356 3541 ἐμφανίζων,
1370 3462 1449 3542 ρηοὶν
1516 3464 1522 3475 '

931 3622 962 3662 α.
982 3599 1095 3661 Οὐκοῦν
1108 3597 1144 3660 τὸ
1160 3596 1213 3685 μὲν
1228 3588 1417 3687 γλαυκίδιον,
1431 3600 1530 3687 ὥσπερ
1540 3588 1666 3683 ἄλλοτε,

931 3701 1013 3789 ἕψειν
1028 3704 1058 3766 ίν
1075 3701 1160 3794 όίλμῃ
1172 3700 1260 3792 φημί.
1275 3706 1305 3786 β.
1314 3701 1360 3768 Τὸ
1374 3694 1408 3766 δὲ
1419 3696 1606 3792 tripolion

931 3833 961 3875 οι.
980 3802 1088 3873 (λπτοῖν
1105 3811 1188 3875 ὁλον.
1205 3813 1234 3890 β.
1253 3809 1315 3874 Τὸν
1332 3807 1462 3898 γαλεόν,
1483 3833 1515 3875 α.
1538 3801 1579 3873 liv
1597 3814 1669 3875 ὓπο-

1522 3912 1668 4006 τρίμματι

932 4012 1045 4095 ζέσθαι.
1062 4025 1091 4102 β.
1109 4020 1154 4086 Τὸ
1172 4013 1199 4085 δ’
1219 4022 1391 4112 ἐγχέλειον,
1409 4045 1440 4084 α.
1460 4011 1555 4101 dhre,
1572 4021 1670 4115 ὀρίγα-

1606 4154 1667 4213 νον,

885 4224 904 4293 5
932 4225 1020 4321 ὕδωρ.
1044 4235 1073 4315 β.
1093 4228 1120 4297 ί)
1137 4233 1281 4325 γόγγρος,
1304 4259 1333 4299 α,
1354 4233 1482 4300 Ταύτόν.
1506 4228 1586 4316 pit
1615 4233 1670 4316 βοί-

1368 4413 1371 4422 ,
1442 4364 1505 4422 τις,
1523 4366 1552 4408 α.
1571 4342 1668 4406 Χλόν.

1501 4478 1529 4484 --
1539 4476 1664 4485 *κ’-

886 4621 909 4660 a.
924 4606 1044 4661 Uxorem
1056 4620 1121 4660 sane
1129 4606 1178 4661 tibi
1191 4605 1277 4662 duxit.
1289 4606 1317 4662 li.
1329 4604 1401 4677 Quid
1413 4607 1474 4662 ais?
1488 4589 1580 4665 revera

886 4708 1000 4749 uxorem
1012 4692 1102 4760 duxit,
1114 4707 1195 4765 quem
1209 4709 1260 4764 ego
1272 4694 1411 4751 virentem
1423 4701 1450 4749 et
1458 4695 1642 4754 ambulantem

1186 4866 1363 4924 PlllLOTlS.

920 4968 946 5009 a.
962 4953 1048 5023 igitur
1057 4943 1232 5022 ¹pauculum,
1246 4957 1276 5006 ut
1287 4951 1368 5018 alias,

921 5039 949 5093 in
958 5039 1046 5096 muria
1056 5037 1236 5109 eoquijuheo.
1246 5037 1273 5093 h.
1283 5039 1401 5096 Parim
1409 5046 1502 5096 autem
1513 5038 1670 5097 lebracem?

921 5141 946 5180 a.
961 5127 1054 5182 assari
1064 5133 1163 5182 totuni.
1177 5124 1204 5180 h.
1216 5123 1353 5181 Galeam?
1365 5139 1389 5180 a.
1405 5125 1513 5204 muro

921 5207 1062 5270 lervelieri.
1078 5212 1104 5266 o.
1121 5214 1156 5268 lit
1168 5211 1367 5283 triguillulom?
1378 5227 1403 5265 a.
1415 5211 1470 5273 Sol,
1481 5210 1635 5280 origanum,

885 5307 1029 5370 ooqtram.
1053 5299 1079 5352 li.
1099 5301 1223 5368 conger?
1241 5315 1266 5353 a.
1288 5296 1391 5353 Eodem
1412 5294 1503 5352 modo.
1530 5296 1556 5352 lt.
1577 5301 1671 5360 itatis?

1501 5388 1540 5451 [a.
1559 5386 1665 5462 llerhm.

1524 5490 1558 5525 at.
