3917 5950
425 693 441 730 a
585 722 589 729 .
978 669 1195 728 PRAEt‘ATlo.

424 804 622 874 faventiore
651 818 769 875 tamen
789 802 931 873 fortuna
962 829 968 869 :
994 832 1009 864 a
1041 802 1192 894 majores
1219 802 1317 870 enim
1341 802 1424 894 (ille
1450 805 1648 900 rescripsit,
1673 832 1754 876 suas

423 927 527 997 luisse
548 942 665 1022 partes
679 927 716 995 in
737 941 886 1020 utraque
904 925 1064 994 editione
1078 924 1262 1010 tteinetii,
1281 950 1389 1020 quam
1405 941 1445 996 ut
1464 952 1518 995 res
1536 927 1601 997 sibi
1620 929 1693 1021 jam
1709 931 1749 998 sit

422 1054 566 1146 integra.
582 1083 599 1117 a

408 1256 412 1261 ⁴
470 1181 610 1247 Interea
624 1174 1103 1247 scitarum'emendationum
1116 1176 1311 1270 specimina
1328 1175 1433 1245 nobis
1450 1176 1612 1245 mittebat
1630 1179 1683 1246 vir
1701 1203 1752 1247 sa-

419 1285 484 1394 gax
503 1302 698 1375 Frr'derr‘cur
712 1306 881 1371 Hearieus
898 1302 1016 1386 Bothe,
1035 1302 1112 1387 cui,
1127 1316 1209 1396 post
1223 1299 1300 1372 illas
1312 1301 1489 1397 repulsas,
1510 1303 1578 1375 boc
1594 1306 1751 1373 muneris

421 1424 737 1509 demandavimus,
767 1440 806 1494 ut
829 1449 870 1493 ex
897 1449 1028 1518 magno
1050 1449 1158 1519 opere
1183 1423 1347 1493 Meinelrii
1368 1440 1572 1521 excerperet
1592 1442 1749 1497 veterum

419 1564 610 1644 poetarum
634 1574 773 1635 versus,
796 1550 1008 1645 explicaret,
1031 1547 1241 1627 emendaret
1263 1548 1323 1619 ubi
1350 1552 1475 1619 vitium
1495 1552 1636 1623 traxisse
1656 1552 1751 1621 vide·

421 1689 559 1759 rentur,
589 1673 748 1770 denique
772 1673 948 1745 latinitate
975 1672 1137 1743 donaret.
1166 1672 1273 1756 Quod
1293 1672 1352 1743 ille
1376 1674 1421 1743 ita
1441 1675 1620 1769 praestitit,
1643 1691 1681 1744 ut
1706 1676 1750 1744 ab

419 1818 492 1863 una
512 1808 612 1890 parte
626 1793 730 1891 plura
747 1819 857 1889 quam
872 1794 1142 1890 postulabamus
1158 1795 1281 1865 invitis
1292 1794 1489 1889 largiretur.
1504 1800 1750 1869 Sane‘verissi-

420 1943 518 1988 mum
535 1935 609 2007 est,
629 1919 826 2013 fragmenta
843 1920 1013 2017 pleraque
1030 1920 1075 1988 ad
1095 1945 1160 1989 nos
1181 1922 1384 1990 transmissa
1403 1945 1477 1991 esse
1502 1946 1566 2017 per
1583 1923 1750 1994 homines

418 2069 438 2113 a
459 2046 559 2140 poesi
575 2044 831 2131 alienissimos3
849 2069 967 2143 neque
991 2045 1147 2139 cujusvis
1165 2061 1217 2115 est
1236 2047 1364 2115 comici
1380 2045 1451 2137 joci
1472 2046 1626 2117 ludibria
1647 2048 1750 2118 liber·

420 2167 507 2237 rima
530 2183 623 2239 recte
642 2169 867 2264 perspicere:
890 2183 930 2238 ut
949 2169 1033 2238 binc
1048 2183 1183 2263 sponte
1201 2184 1366 2239 nascatur
1384 2170 1559 2264 suspicio,
1580 2145 1692 2239 multa
1712 2172 1747 2239 in

419 2288 487 2359 illis
508 2288 714 2384 fragmentis
731 2317 751 2360 a
769 2306 958 2387 poetarum
980 2315 1087 2360 sensu
1111 2306 1147 2360 et
1172 2290 1289 2360 verbis
1316 2291 1421 2360 fuisse
1445 2291 1595 2362 detorta.
1616 2292 1750 2362 Nihilo·

419 2414 539 2485 minus
557 2430 613 2487 est
638 2414 701 2485 ubi
722 2415 872 2489 Botbius
898 2414 1006 2485 nobis
1032 2415 1194 2485 videatur
1223 2414 1321 2485 nulla
1349 2440 1495 2511 prorsus
1514 2432 1663 2509 urgente
1690 2443 1750 2486 ne·

417 2538 580 2607 cessitate
600 2537 766 2609 traditam
781 2538 995 2633 scripturam
1007 2538 1246 2607 attrectavisse
1262 2565 1269 2605 :
1287 2537 1489 2630 cujusmodi
1507 2540 1749 2608 correctiones

417 2686 508 2757 saepe
524 2661 739 2748 delevimus,
754 2663 881 2758 saepius
895 2663 983 2735 inter
1007 2677 1142 2732 ceteras
1158 2663 1349 2758 opiniones
1363 2663 1569 2732 criticorum
1585 2664 1672 2758 ipsis
1688 2666 1750 2731 Bo·

419 2784 483 2855 tbii
502 2784 619 2861 verbis
641 2786 678 2855 in
699 2786 935 2855 annotatione
954 2786 1242 2855 memoravimus.
1264 2784 1406 2880 Ubique
1426 2810 1510 2854 vero
1532 2801 1566 2854 et
1583 2786 1748 2857 codicum

419 2908 589 2982 lectiones
604 2923 640 2982 et
654 2907 913 3004 probabiliores
929 2906 1199 3004 philologorum
1214 2911 1409 2980 sententias
1425 2934 1565 2979 summa
1580 2910 1749 3004 religione

418 3033 676 3120 indicavimus,
705 3034 842 3128 quoin
869 3058 907 3102 re
924 3031 1035 3102 dubia
1060 3032 1173 3102 lector
1197 3057 1304 3102 suum
1316 3033 1491 3127 judicium
1513 3032 1641 3102 babeat
1662 3035 1749 3104 inte-

418 3183 532 3250 grum.
550 3157 665 3230 Facile
679 3171 797 3228 autem
822 3180 991 3250 agnosces
1012 3156 1046 3224 in
1073 3153 1202 3224 Rotlriu
1222 3154 1400 3224 diutinam
1422 3180 1505 3224 cum
1527 3157 1643 3251 poetis
1664 3181 1750 3225 con-

418 3282 649 3352 suetudinem
685 3296 791 3376 atque
820 3278 1117 3365 familiaritatem,
1149 3280 1358 3373 rhythmicae
1388 3280 1569 3374 elegantiae
1599 3305 1747 3350 sensum

418 3404 730 3486 delicatissimum,
758 3405 797 3476 in
830 3402 1031 3495 judicando
1061 3401 1261 3471 libertatem
1288 3405 1483 3502 integram,
1515 3403 1550 3471 in
1573 3402 1747 3473 omnibus

418 3528 506 3621 agile
521 3542 556 3598 et
571 3527 731 3598 vividum
746 3551 910 3596 acumen.

467 3653 649 3747 Denique,
666 3665 793 3747 praeter
810 3664 863 3720 tot
881 3652 1020 3745 poetica
1039 3649 1192 3736 lumina,
1207 3650 1340 3719 eminet
1356 3649 1609 3722 bocvolumen
1628 3676 1746 3721 rerum

416 3799 456 3843 ex
484 3775 583 3843 omni
610 3775 680 3842 vita
705 3774 896 3867 graecanica
917 3775 1110 3868 petitarum
1132 3775 1236 3868 copia
1263 3788 1369 3868 atque
1393 3774 1559 3843 varietate
1579 3798 1745 3843 summa:

414 3922 507 3992 quas
529 3921 658 3967 omnes
676 3895 831 3968 multum
847 3898 1017 3968 intererat
1035 3896 1071 3965 in
1087 3921 1162 3972 uno
1181 3911 1378 3992 conspectu
1393 3897 1568 3992 proponi,
1588 3895 1747 3966 aetatibus

416 4036 452 4090 et
468 4019 660 4114 generibus
671 4020 857 4091 commdiae
871 4019 1007 4116 ubique
1024 4021 1210 4092 distinctis.
1228 4025 1312 4090 Eam
1330 4021 1551 4116 provinciam
1569 4019 1748 4089 humanis-

416 4146 507 4214 simo
539 4144 664 4238 juveni
687 4144 812 4214 Iacobo
834 4146 1011 4218 Hunu'lrer
1033 4145 1349 4228 demandavimus,
1382 4146 1443 4237 qui
1476 4168 1592 4238 nuper
1616 4143 1746 4213 Plutar-

415 4269 591 4337 clieorum
624 4293 777 4363 operum
810 4269 928 4340 indice
961 4269 1115 4362 generali
1148 4268 1302 4338 scienter
1329 4266 1495 4336 conlecto
1522 4267 1744 4335 eruditorum

385 4435 389 4442 ‹
415 4391 557 4461 laudem
576 4392 644 4462 sibi
671 4394 818 4488 paravit.
838 4392 971 4466 Eadem
1000 4407 1171 4486 sequetur
1189 4391 1488 4460 accuratissimam
1517 4393 1635 4480 σύνοψιν
1654 4386 1746 4459 'buic

414 4517 589 4587 volumini
609 4517 851 4611 subjunctam.
877 4516 943 4586 Ubi
961 4517 1062 4587 litera
1089 4521 1115 4586 Α
1145 4514 1279 4586 indicat
1306 4515 1488 4608 antiquam
1511 4514 1743 4598 comoediam,

417 4645 450 4710 M
470 4642 625 4710 mediam
640 4694 649 4727 ,
666 4645 693 4709 N
713 4665 863 4726 novam,
882 4640 1014 4734 quibus
1032 4639 1142 4708 literis
1160 4653 1281 4708 nostra
1300 4641 1447 4733 pagina,
1470 4636 1603 4707 deinde
1622 4661 1746 4732 paren·

413 4764 547 4834 tlretice
563 4778 676 4851 poetae
691 4779 723 4832 et
746 4761 873 4832 fabulae
890 4787 1023 4834 nomen
1041 4761 1242 4854 subjicitur.
1262 4766 1392 4834 llatum
1406 4760 1558 4844 Parisiis,
1577 4784 1623 4829 m.
1637 4760 1745 4829 lunio

416 4889 646 4960 MDCOELM
1662 4874 1664 4877 Α

1484 5012 1510 5052 A.
1531 5008 1555 5052 r.
1575 5007 1679 5053 umor.
