3917 5950
662 1137 1152 1309 ruAErxxro.

654 1484 657 1491 ,
781 1461 1038 1487 --...-

283 1738 411 1817 Quum
428 1746 514 1801 ante
530 1731 597 1802 hos
622 1732 745 1827 viginti
765 1757 882 1805 anuos
901 1738 1108 1804 Graecorum
1130 1737 1264 1830 ingenii
1285 1753 1519 1806 monumenta
1534 1739 1571 1806 in

239 1879 352 1925 urtam
372 1856 618 1925 Bibliotltecam
637 1855 803 1951 colligere
825 1859 986 1944 institui,
1004 1872 1105 1928 tanto
1124 1859 1270 1956 incepto
1293 1860 1442 1929 minime
1467 1862 1571 1930 satis-

239 1982 377 2051 factum
394 1982 437 2050 iri
454 1980 631 2068 intellexi,
649 1982 678 2050 si
692 2006 754 2051 eos
773 1981 1023 2070 solummodo,
1037 2008 1194 2080 quorum
1210 1984 1339 2079 integri
1354 1983 1437 2055 libri
1451 2009 1573 2082 super·

238 2119 346 2189 sunt,
370 2104 563 2199 scriptores
584 2119 691 2200 atque
707 2119 836 2200 poetas·
847 2105 1044 2202 aequalibus
1067 2105 1124 2176 his
1140 2107 1389 2177 voluminibus
1410 2107 1572 2180 include·

241 2253 335 2297 rem.
355 2233 434 2298 Non
454 2228 633 2298 debebam
649 2230 747 2299 enim
768 2230 805 2299 in
827 2228 898 2299 hoc
924 2252 1051 2326 opere,
1079 2227 1180 2326 quod
1203 2228 1249 2298 ad
1268 2230 1515 2325 promovenda
1535 2234 1571 2302 iu

240 2349 361 2419 Gallia
394 2364 516 2420 nostra
544 2349 662 2420 studia
695 2350 929 2422 humanitatis
959 2352 1119 2448 suscepi,
1147 2355 1351 2424 Graecarum
1390 2351 1571 2423 literarum

241 2472 402 2570 speciem
418 2473 542 2543 animo
557 2473 747 2569 concipere
761 2472 887 2560 talem,
902 2472 1046 2569 qualem
1057 2473 1219 2568 vulgares
1235 2490 1269 2544 et
1286 2473 1444 2547 tralatitii
1460 2474 1572 2546 libelli

243 2597 355 2668 nobis
367 2595 595 2667 adumbrant.
610 2596 771 2692 Namque
786 2595 860 2666 haec
875 2593 1019 2665 illarum
1031 2595 1141 2667 hodie
1157 2611 1212 2667 est
1227 2596 1404 2685 conditio,
1422 2613 1477 2684 ut,
1491 2621 1572 2693 quae

242 2720 445 2817 plurimum
477 2734 513 2789 et
534 2742 648 2815 prope
672 2718 748 2788 sola
774 2717 1002 2789 celebrantur
1028 2720 1176 2789 nomina
1207 2718 1469 2806 illustrissima,
1499 2722 1572 2791 sint

242 2845 346 2938 quasi
360 2842 522 2939 quaedam
534 2846 725 2937 deponebatur
739 2842 813 2911 sive
825 2840 978 2912 turrium
994 2841 1209 2911 arborumve
1218 2843 1408 2912 cacumina
1418 2866 1571 2931 summa,

246 2966 358 3037 urbes
373 2965 459 3036 olim
484 2964 755 3036 florentissimas
770 2979 806 3035 et
817 2962 1017 3035 latissimas
1038 2962 1142 3034 silvas
1156 2963 1229 3035 lato
1244 2987 1418 3061 aquarum
1432 2961 1573 3036 diluvio
1683 3027 1688 3034 .

248 3106 360 3160 tectas
376 3104 412 3160 et
428 3089 616 3184 absorptas
635 3086 844 3187 indicantia.
861 3090 953 3158 Sane
968 3089 1137 3184 princeps
1152 3102 1188 3157 et
1210 3089 1323 3158 instar
1338 3089 1504 3158 omnium
1520 3104 1574 3158 est

249 3218 438 3299 Homerus,
464 3226 499 3281 at
522 3235 619 3280 unus
643 3225 802 3281 serratus
827 3234 869 3280 ex
894 3210 1022 3304 grandi
1044 3208 1106 3281 illo
1133 3209 1242 3304 Cyclo
1267 3211 1387 3305 epico;
1410 3211 1574 3282 similiter

129 3416 134 3422 ³
249 3332 444 3405 ineffabilis
469 3332 528 3402 illa
547 3337 642 3426 Lyrae
662 3337 791 3405 Graecoe
806 3332 951 3403 ubertas
973 3333 1117 3403 evanuit
1132 3355 1246 3429 prope
1262 3346 1335 3402 tota
1354 3347 1482 3427 praeter
1502 3358 1573 3405 una

247 3457 405 3552 epinicia
422 3454 587 3542 Pindari;
610 3456 715 3550 periit
734 3455 911 3527 comoedia
931 3454 1059 3550 triplex
1083 3470 1210 3550 praeter
1228 3471 1342 3524 unum
1363 3454 1572 3551 Aristopha-

248 3604 351 3665 nem;
369 3578 475 3675 periit
489 3576 721 3674 philosophia
738 3578 925 3674 multiplex
941 3593 1068 3673 praeter
1084 3578 1266 3648 Platonem
1280 3591 1316 3646 et
1329 3578 1570 3649 Aristotelem.

294 3700 393 3787 Quid
423 3699 560 3771 multa?
585 3724 817 3797 quocumque
842 3716 876 3770 te
905 3702 1071 3788 verteris,
1094 3707 1278 3796 specimina
1306 3700 1418 3771 modo
1441 3701 1575 3796 ingenii

245 3825 352 3919 graeci
367 3822 619 3920 deprehendas
636 3850 644 3892 τ
659 3822 767 3917 longe
783 3821 940 3919 plurima
952 3847 1096 3908 eorum,
1115 3847 1195 3919 quae
1209 3823 1367 3919 benigno
1389 3822 1475 3892 flatu
1491 3849 1574 3919 pro·

246 3947 352 4017 duxit
374 3945 448 4016 haec
472 3946 599 4027 divinar
614 3947 795 4042 particula
818 3970 935 4030 auroe,
968 3945 1122 4016 satorum
1144 3946 1361 4043 disperdidit
1385 3947 1570 4043 iniquitas.

248 4069 358 4164 htqui
374 4091 416 4137 ex
431 4067 582 4163 perditis
598 4067 695 4138 hisce
715 4068 784 4137 nisi
799 4068 978 4163 praecipua
1002 4082 1097 4138 certe
1116 4070 1326 4163 cognoveris
1342 4069 1429 4138 etin
1446 4092 1573 4138 nume·

247 4205 324 4265 rato
345 4189 497 4276 habeas,
523 4214 664 4286 sperare
690 4188 765 4261 noli
793 4204 828 4260 te
850 4189 896 4259 ad
922 4192 1127 4261 Graecarum
1149 4189 1333 4261 literarum
1349 4188 1573 4260 tolerabilem

246 4312 402 4409 aliquam
442 4312 606 4382 notitiam
638 4310 985 4407 intelligentiamque
1024 4335 1102 4381 esse
1138 4324 1409 4407 perventurum.
1445 4314 1573 4379 Parum

246 4450 365 4505 autem
378 4436 505 4528 juvant
522 4431 617 4503 leves
631 4433 847 4530 plerumque
869 4447 905 4504 et
920 4433 1172 4529 perfunctoriae
1192 4432 1473 4529 descriptiones,
1492 4456 1574 4528 quae

247 4557 304 4628 hic
327 4556 402 4627 illic
426 4557 619 4649 jactantur,
647 4580 820 4649 generum
843 4570 951 4651 atque
977 4579 1129 4652 operum
1156 4555 1400 4651 perditorum,
1430 4580 1506 4624 non
1531 4579 1573 4624 ex

247 4680 403 4775 ipsarum
424 4676 494 4748 illae
512 4676 685 4772 naufragii
708 4677 940 4774 reliquiarum
961 4677 1126 4772 diligenti
1146 4677 1420 4771 investigatione
1438 4676 1573 4764 ductte,

246 4800 305 4870 sed
332 4800 522 4896 ingeniose
553 4815 589 4869 et
614 4798 875 4870 delectabiliter
901 4798 1076 4886 confictae.
1099 4803 1217 4868 Immo
1236 4823 1349 4868 uuum
1371 4823 1463 4894 saepc
1481 4798 1573 4894 frag·

247 4938 427 5008 mentum,
451 4924 488 4991 iu
512 4945 588 5017 quo
608 4922 780 5017 antiquus
802 4922 956 5016 scriptor
980 4918 1142 5015 loquitur
1166 4920 1261 5017 ipse,
1277 4921 1469 5014 imaginem
1496 4920 1574 5013 ejus

246 5045 430 5114 certiorem
451 5043 790 5138 distinctioremque
812 5041 964 5112 sormam
987 5042 1164 5112 inanimo
1188 5056 1251 5111 tiro
1271 5041 1439 5137 relinquit
1464 5067 1572 5137 quam

908 5206 926 5246 V
