3917 5950
757 494 1019 556 ANTtPtthNttS.

77 635 164 687 Versu
184 652 195 687 ι
214 631 477 691 inactuosum
496 630 579 687 Iliad.
599 649 631 705 p.
653 628 740 701 1612,
761 625 809 701 15,
825 622 866 683 Τθ
912 610 1123 700 Primusque
1147 582 1187 681 ed
1202 619 1324 698 ίμπισὼν
1343 622 1430 679 habet
1451 624 1536 679 etiam
1557 624 1636 685 Eust.
1657 627 1695 683 ad

76 717 104 774 δὲ
117 722 163 786 ζῆν
179 716 238 775 elul
254 740 312 793 μοι,
325 721 460 775 inutiliter
480 718 596 792 quidem
613 715 711 773 addito
726 714 865 783 articulo,

76 827 130 863 nee
141 806 299 882 probando
310 810 378 879 isto,
388 805 468 881 quod
479 806 646 875 ediderunt,

157 964 198 979 -
210 932 251 993 Τὸ
265 933 293 991 ti

118 1023 166 1092 ζῆν
182 1019 242 1078 εἶπά
254 1042 310 1097 μοι.

76 1147 214 1205 hlesrdose
223 1159 320 1204 autem
328 1149 407 1202 Eust.
417 1144 500 1203 δοκῶν
506 1142 620 1202 ἐπαινεῖν
626 1140 792 1219 Ἀντιφάνους
802 1142 867 1199 ἀπο·

76 1232 137 1313 ρίαν
152 1235 225 1314 (leg.
240 1231 393 1312 Ἀντιφάνης
410 1230 551 1311 ιύπορίαν)
569 1258 582 1283 ι
597 1228 637 1291 Ti
650 1227 678 1288 δὲ
690 1232 737 1300 ζῆν
752 1227 810 1288 etet
824 1251 868 1305 μοι

75 1321 104 1381 τί
116 1323 188 1381 ἐστιν
197 1342 207 1401 ;
216 1351 230 1375 ι
238 1313 271 1394 ἧς
283 1323 393 1400 (ναυτιλίην
401 1321 431 1399 ἡ)
443 1319 517 1384 λύσις
529 1345 542 1371 ι
555 1317 689 1380 Thetim
699 1317 768 1397 φήμ’
777 1315 840 1394 ίγάι.
852 1344 865 1368 ν

76 1411 125 1469 καλ
136 1411 261 1491 παριμδία
274 1409 361 1482 ίκιίνη
376 1410 545 1487 (perperam
557 1410 627 1467 libri
646 1404 784 1488 παρῳδίαν
800 1409 871 1466 ίκιί·

75 1501 141 1578 νην)
155 1502 188 1557 ἐκ
199 1502 253 1559 τῶν
270 1503 316 1557 τοῦ
338 1497 501 1578 Σοφοκλέους
520 1498 634 1575 (Antig.
651 1496 786 1568 668-670
803 1515 809 1550 :
833 1496 867 1552 cl.

75 1608 147 1649 ann.
163 1591 201 1647 ad
215 1589 361 1665 Aristoph.
375 1590 450 1646 llan.
463 1585 537 1662 855)
549 1583 647 1664 Ὁρᾷς,
658 1596 714 1641 eto.
726 1589 759 1642 V.
773 1593 789 1653 t,
801 1584 869 1640 libri

75 1675 191 1751 γίνεται
212 1678 246 1734 V.
267 1675 286 1732 6
309 1671 397 1753 σχόντ’
418 1694 473 1750 pro
495 1671 580 1751 ἔχοντ’
599 1674 716 1731 Grotius
735 1671 867 1747 Excerpt.

120 2055 204 2112 idem
221 2053 262 2110 ib.
276 2071 308 2127 p.
334 2068 384 2124 νγ,
401 2053 429 2108 D
448 2067 457 2109 t
483 2046 553 2108 Ἀντ.
569 2068 621 2107 που
636 2045 765 2127 θχαρίιις
787 2044 821 2104 τά
843 2043 870 2115 li

76 2142 198 2214 ἑκάστης
210 2137 311 2204 miro<
324 2136 455 2216 θθιύμστιι
468 2135 537 2197 situ
549 2130 701 2213 καταλίγιι.

130 2287 177 2371 bi
193 2280 307 2367 Ιλλιδος
320 2285 476 2381 μάγειρος,
495 2279 528 2363 ἐξ
543 2275 771 2378 λργυυςλέύης,

128 2397 284 2473 Φλιάσιος
299 2390 395 2480 οἶνος,
412 2397 447 2461 ἐκ
459 2391 603 2486 Κορίνθου
615 2394 797 2485 στρώματα,

129 2506 216 2599 ίχθῢς
223 2510 382 2587 Σικυῶνος,
399 2496 506 2593 Αἰγίου
519 2494 549 2566 δ’
561 2492 748 2591 αὐλητρίδες,

132 2612 220 2705 τυρὸς
237 2608 411 2692 Σικελικὸς,
417 2655 523 2676 ......

82 2715 104 2787 5
135 2721 229 2812 μύρον
247 2712 280 2793 ἐξ
294 2711 429 2799 λθηνῶν,
450 2714 574 2806 ἔγχελυς
592 2706 731 2776 Βοιωτία.

81 2885 176 2938 Versu
189 2877 284 2935 blibri
294 2874 403 2955 ἔγχελυς
416 2868 545 2952 βοιωτίαι.
558 2870 647 2927 Diud.
658 2880 688 2927 et
696 2866 781 2927 Mein.
793 2863 873 2944 ίγγί-

80 2968 138 3033 λαις
150 2961 293 3035 Βοιωτίαι,
308 2962 358 3020 sed
371 2960 537 3038 permisceri
553 2959 656 3016 seimus
669 2979 687 3016 ιι
703 2967 733 3014 et
745 2974 783 3014 ιιι.
802 2979 815 3005 ο
830 2954 875 3012 si·

82 3058 183 3114 mitem
192 3070 340 3111 recensum
349 3069 445 3108 rerum
454 3050 559 3123 cuique
567 3047 680 3125 regioni
690 3046 874 3121 propriarum

82 3145 176 3202 habes
189 3159 276 3216 supra
293 3138 340 3217 (in
354 3135 514 3217 ῐΙφυάατιῖ),
528 3138 603 3193 ilino
623 3144 733 3212 partem
751 3134 809 3191 loci
825 3152 873 3190 re-

80 3232 188 3308 petivit
200 3229 282 3288 Eust.
299 3226 337 3285 ad
347 3226 431 3287 Iliad.
446 3243 478 3301 p.
491 3231 562 3301 974,
580 3223 628 3293 54.
647 3248 661 3274 ν
674 3226 700 3280 Ε
709 3223 753 3279 Μ.

458 3391 503 3432 ιν.

128 3525 210 3584 trem
225 3542 256 3599 ι,
270 3541 302 3598 ,ι
315 3521 417 3593 aar:
433 3519 503 3580 λιι.

137 3701 186 3712 -
199 3658 343 3752 Κρίψαι,
358 3649 484 3729 Φειδία.

138 3769 260 3833 ἅπαντα
272 3762 377 3832 τᾶλλα
389 3789 436 3840 τις
452 3758 568 3828 δύναιτ’
586 3756 623 3826 itu
636 3766 717 3834 sti-lu
730 3752 825 3840 δυοῖν,

87 3911 91 3918 ·
139 3870 217 3939 οἷνύν
229 3896 265 3937 τε
282 3869 388 3953 πίνων,
402 3868 444 3945 εἰς
457 3866 556 3960 ἔρωτά
568 3862 596 3932 τ’
615 3867 774 3958 ἐμπεσών·

139 3976 296 4070 ἀμφύτερα
313 3977 417 4066 μηνύει
433 3974 490 4066 γὰρ
505 3971 566 4039 άπὸ
584 3977 645 4037 τιῖιν
659 3968 846 4060 βλεμμάτων

87 4081 109 4153 5
137 4082 190 4148 καὶ
203 4080 414 4174 τῶνλύγιονγ
430 4073 508 4164 αἵθ’,
516 4083 596 4143 ὥστε
606 4078 674 4153 τοὺς
688 4074 877 4167 ἀρνουμένους

139 4188 281 4279 μάλιστα
296 4187 420 4262 τούτους
438 4193 532 4250 ruite
548 4191 705 4272 καταφανῆ
718 4186 827 4247 ποιεῖν.

1630 504 1689 555 407

913 714 1016 787 Odyss.
1034 732 1066 790 p.
1085 730 1172 784 1770,
1188 709 1215 768 8.
1226 708 1322 767 'Versu
1341 708 1358 765 5
1375 709 1441 765 libri
1454 708 1539 785 λόγων
1552 710 1636 783 ταῦθ’,
1647 715 1696 770 VL

912 799 997 879 λόγων
1010 799 1033 857 τ’
1047 788 1092 861 αθ.
1106 803 1141 858 V.
1156 798 1270 875 6uulgo
1281 819 1311 871 μ.
1326 792 1433 862 τούτους
1443 800 1602 875 καταφανεῖς
1614 801 1694 858 ποιεῖ.

913 894 961 947 VL
975 911 1007 962 μ.
1030 891 1114 946 ταῦτα
1132 892 1291 965 καταφανεῖς
1311 883 1417 950 πολλοῖς
1436 883 1521 957 ποιεῖ,
1545 888 1575 943 in
1595 888 1698 961 quibus

913 977 1033 1049 πολλοῖς,
1046 977 1097 1033 ubi
1120 986 1265 1051 exspectes
1284 978 1370 1048 uisi,
1394 973 1556 1050 profectum
1572 976 1697 1031 arbitror

914 1067 950 1124 ab
962 1085 1014 1137 eo,
1031 1067 1082 1141 qui
1096 1082 1211 1144 versum
1227 1063 1389 1140 suppleret,
1404 1063 1484 1137 quod
1500 1061 1534 1119 fit
1547 1065 1639 1139 aptius
1650 1083 1697 1121 uc·

914 1167 1000 1231 cepto
1013 1158 1107 1214 ταῦτα.
1119 1153 1277 1228 Schweigh.
1291 1149 1449 1229 ramperti<
1462 1148 1554 1217 αύτούς
1562 1153 1656 1213 ποιεῖν,

1290 1299 1335 1360 13.

955 1443 1034 1500 Idem
1047 1443 1087 1499 ib.
1102 1461 1133 1516 p.
1152 1443 1234 1509 tibh
1250 1460 1256 1493 :
1271 1436 1339 1496 ’λνπ
1352 1436 1380 1495 δὲ

964 1614 1012 1624 -
1026 1571 1108 1655 Οίνῳ
1186 1571 1239 1636 τὸν
1254 1565 1333 1636 οἶνον
1351 1567 1530 1655 ἐξελαύνειν,

966 1680 1114 1771 σάλπιγγι
1139 1680 1196 1750 την
1231 1674 1409 1768 σάλπιγγα,
1436 1684 1481 1760 τῷ
1511 1679 1615 1767 κάρυκι
1645 1675 1699 1740 τὸν

1560 1785 1698 1864 βοῶντα,

964 1894 1049 1979 κόπῳ
1061 1892 1169 1973 κόπον,
1181 1886 1267 1980 ψόφῳ
1283 1883 1392 1977 ψόφον,
1410 1877 1566 1976 τριωύάλῳ
1578 1876 1614 1950 δὲ
1630 1886 1701 1976 πόρ-

1631 2016 1698 2076 νςν,

966 2100 1107 2173 αὐθαδίαν
1121 2094 1264 2188 αὐθαδίᾳ,
1280 2098 1510 2189 Καλλίστρατον
1532 2094 1675 2189 μαγείρῳ,

839 2263 841 2265 -
919 2210 939 2281 5
966 2211 1075 2280 στάσιν
1097 2207 1227 2291 στάσει,
1252 2205 1336 2298 μάχη
1359 2202 1476 2297 μάχην,
1496 2200 1648 2278 ὑπωπίοις
1668 2197 1706 2269 δὲ,

1569 2309 1701 2393 πύκτην,

967 2424 1050 2507 πόνῳ
1062 2423 1165 2504 πύνον,
1175 2412 1246 2510 δίκη
1258 2408 1360 2501 δίκην,
1370 2416 1488 2507 γυναικὶ
1496 2418 1553 2488 τὴν
1567 2420 1702 2505 γυναῖκα.

922 2603 935 2629 ι
948 2580 1022 2661 Eece
1030 2592 1169 2652 perquam
1178 2573 1309 2630 festivum
1317 2564 1555 2642 homoeopathicae
1567 2566 1704 2624 doctrinae

918 2663 1141 2723 firmamentum!
1150 2663 1239 2719 Versu
1252 2678 1264 2715 t
1277 2667 1342 2735 post
1351 2654 1412 2735 οίνῳ
1424 2650 1522 2712 Elmsl.
1533 2652 1572 2711 ud
1581 2655 1704 2724 hohern,

921 2773 989 2826 717,
1008 2753 1108 2810 inserit
1131 2745 1160 2806 δδ
1186 2747 1236 2807 δεῖ.
1259 2744 1370 2822 (Possis
1390 2745 1476 2801 etiam
1499 2738 1579 2818 λίγω.
1602 2740 1706 2818 nott.)

920 2843 954 2898 V.
972 2841 989 2898 3
1009 2842 1096 2898 verba
1109 2835 1185 2916 κάπιρ
1205 2831 1285 2893 κάτον
1305 2834 1362 2890 huo
1384 2832 1504 2889 retraxit
1525 2831 1621 2887 Elmsl.
1643 2850 1706 2906 quae

920 2932 987 2989 libri
999 2930 1106 2988 habent
1117 2938 1185 3005 post
1202 2922 1356 2992 ἐξελαύνειν.
1374 2922 1532 2979 lhiobolum
1552 2919 1707 2995 prostibuli

919 3021 1046 3094 pretinm
1065 3016 1200 3073 habemns
1220 3012 1307 3070 etiam
1327 3009 1404 3087 apud
1421 3009 1571 3066 Platonem
1592 3008 1707 3064 Phaone

922 3124 950 3181 a,
962 3126 1010 3181 17,
1020 3100 1273 3183 Epicratemhntil.
1282 3116 1321 3157 aa
1329 3108 1358 3156 et
1366 3097 1534 3156 Mathonem
1543 3095 1645 3155 Athen.
1658 3094 1705 3167 13,

920 3217 951 3272 p.
969 3195 1043 3267 580,
1066 3196 1102 3252 D.
1116 3196 1151 3252 V.
1169 3196 1186 3257 l
1204 3189 1398 3246 Callistratum
1412 3186 1482 3243 dieit
1497 3184 1706 3261 Aphidnseum,

922 3296 1065 3342 oratorem
1081 3279 1297 3337 celeberrimum
1320 3273 1366 3351 (v.
1383 3274 1519 3349 Xenoph.
1545 3273 1657 3329 Hellen.
1678 3271 1706 3342 6,

923 3394 953 3444 a,
966 3375 1018 3448 39,
1030 3390 1094 3428 cum
1107 3369 1247 3445 epimetro
1256 3364 1432 3423 Schneideti.
1444 3361 1530 3419 eost.
1543 3359 1569 3438 l,
1581 3359 1616 3416 de
1629 3358 1708 3433 eujus

921 3461 1034 3518 luxurie
1055 3458 1094 3517 ol.
1111 3456 1219 3516 Eubuli
1236 3453 1357 3528 Antiop.
1373 3450 1401 3507 θ.
1422 3447 1508 3522 Quod
1528 3464 1623 3520 eoquo
1642 3463 1707 3502 eum

923 3549 1157 3625 comparatam,
1165 3544 1204 3600 ad
1214 3542 1395 3617 gulositatem
1405 3539 1460 3594 riri
1468 3545 1587 3612 spectat.
1600 3559 1611 3584 ι
1625 3534 1705 3592 EM.

922 3641 955 3695 V.
973 3636 1069 3693 ttibri
1088 3631 1179 3709 μάχην
1200 3626 1292 3706 μάχη,
1309 3626 1389 3701 quod
1403 3624 1528 3683 correxit
1547 3621 1707 3689 Elmsleius,

922 3725 1056 3797 idemque
1067 3740 1096 3781 u.
1114 3720 1134 3776 6
1146 3717 1221 3789 δίκην
1231 3716 1302 3793 δίκῃ.

1300 3877 1343 3922 ti.

963 4014 1043 4071 Idem
1058 4014 1097 4067 ib.
1111 4031 1140 4085 p.
1157 4012 1205 4081 45,
1225 4010 1271 4063 A:
1289 4028 1302 4054 α
1316 3998 1487 4068 Μεταλλάξαι
1507 3996 1635 4077 βρώματα
1652 3992 1711 4050 tii·

924 4123 991 4183 φορα
1003 4099 1055 4158 ἔσθ’
1072 4096 1136 4169 tut,
1150 4122 1163 4146 ι
1184 4091 1264 4174 φησὶν
1284 4090 1353 4149 'hun
1370 4116 1382 4142 ν
1398 4086 1443 4146 καλ
1458 4089 1509 4144 τῶν
1525 4098 1580 4143 etc.
1595 4087 1637 4140 lta
1650 4083 1714 4170 haeo

925 4190 1047 4247 scribam
1064 4208 1071 4241 :

112 4281 1709 4332 ......--..------—-—-———-----—-—-

467 4371 510 4422 11.

128 4480 168 4532 Ex
180 4473 264 4531 Elide
275 4485 394 4545 munus,
409 4469 491 4542 Argis
501 4467 586 4534 lebes,

128 4560 282 4619 Phliasium
293 4558 402 4623 rmum,
412 4571 428 4611 e
440 4554 570 4612 Corintho
584 4551 716 4623 stragula,

131 4647 219 4716 pisces
234 4641 373 4715 Sicyonis,
385 4639 509 4712 AEgiique
517 4636 657 4703 tibicina,
783 4632 786 4636 ’

131 4745 227 4789 ussus
241 4729 362 4794 Siculus,
365 4766 433 4783 ......

91 4826 112 4874 5
130 4824 302 4891 unguentum
314 4813 442 4882 Athenis,
452 4810 575 4884 anguilla
585 4811 700 4868 Boeotia.

471 4936 515 4987 tr.

135 5068 168 5079 -
181 5036 344 5104 Oeeultare,
356 5033 465 5101 Phidia,
588 5029 591 5034 ’

135 5133 222 5182 cetera
232 5131 332 5182 semota
346 5129 436 5196 potest
448 5120 546 5194 uliquis
562 5127 660 5195 prater
672 5118 727 5174 duo
742 5158 748 5168 .

136 5214 159 5270 si
172 5205 261 5272 riuum
273 5212 356 5282 bibit,
367 5218 397 5269 et
410 5210 439 5267 in
453 5224 574 5266 amorem
586 5207 681 5265 incidit
698 5223 705 5259 τ

136 5302 215 5361 aurbu
225 5303 298 5360 enim
312 5318 342 5359 se
355 5299 545 5372 ipsuindieant
558 5296 689 5371 adspectu

925 4372 942 4422 5
961 4372 990 4420 et
1000 4358 1171 4419 sermonibus
1183 4353 1311 4429 quidem,
1321 4359 1363 4419 ut,
1376 4324 1423 4422 qui
1432 4348 1570 4410 abnuunt,

962 4449 1000 4506 illi
1016 4444 1138 4519 inprimis
1145 4444 1203 4496 liae
1212 4439 1394 4497 manifestent.

1296 4567 1339 4617 te.

964 4719 1000 4732 -
1011 4689 1127 4746 Vino...
1145 4678 1390 4752 rinumexpellere‚

904 4835 907 4843 ,
964 4776 1107 4833 classicum
1120 4770 1250 4836 olassieo,
1265 4777 1419 4840 prreoouem
1438 4775 1485 4834 per
1502 4759 1684 4822 clamantem,

904 4845 908 5002 Ι
964 4860 1124 4922 lassitudine
1137 4855 1336 4923 lassitudinem,
1345 4851 1461 4924 strepitu
1474 4847 1635 4920 strepitum,
1646 4846 1712 4901 trio·

1499 4935 1572 5005 [holo
1582 4942 1713 4999 soortuni,

965 5036 1147 5109 arrogantiam
1158 5031 1326 5104 arrogantia,
1336 5027 1519 5086 Callistratum
1530 5039 1577 5098 per
1585 5037 1715 5094 coquum,

930 5131 947 5181 5
964 5121 1125 5181 seditionem
1135 5118 1282 5186 seditione,
1293 5129 1385 5190 pugna
1397 5127 1528 5188 pugnam,
1538 5108 1715 5182 sugillationi-

1499 5198 1568 5268 [hus
1578 5194 1695 5267 pugilem
1706 5234 1714 5258 ,

859 5231 867 5249 e
905 5221 907 5248 l

875 5257 909 5348 ί
967 5273 1713 5366 luboreleboretu,litelitem,mulierumperimiliereut.
