3917 5950
766 548 1025 609 ratramnus.

1633 572 1687 624 2ll

90 673 124 736 lt<-
134 661 192 740 llll
208 673 223 726 ὁ
242 672 399 743 Διοπείθης
416 674 513 753 ῥήτωρ.
529 674 629 751 pistore
642 675 669 734 δί
681 667 754 744 οὗτός
766 678 862 737 lotrad
908 679 1056 753 silliniaci
1074 699 1082 740 τ
1098 679 1297 748 ἀλαζονεύεσθαι
1311 682 1357 740 καὶ
1379 684 1518 746 σκώπτειν.
1535 689 1691 770 tethin-ll·

91 761 122 816 νιὶ
131 757 186 838 rapi
202 759 356 837 Φρυνίχῳ.
377 797 417 805 -
433 766 459 824 Τ
459 763 477 820 δ
488 768 533 822 τοῦ
544 768 610 834 θεοῦ,
623 785 668 821 res
679 769 737 837 dei,
752 767 861 824 sacrifi-

908 789 952 825 νου
971 771 1019 825 τοῦ
1040 766 1150 826 Σίλλου.
1172 769 1275 845 Idem,
1293 769 1463 841 Σελλίζεσόαι
1484 793 1493 833 ε
1515 775 1546 833 εδ
1573 761 1690 856 pelliti·

94 848 197 917 riun,ad
219 850 312 923 quod
329 862 360 907 et
384 871 452 908 cum
472 873 507 909 eo
525 853 706 926 conjunctam
728 856 861 913 choream
908 858 979 914 σθαι.
995 855 1204 932 (Lycophronis
1215 859 1420 933 interpretatio.
1435 859 1555 919 Photius
1568 884 1598 939 p.
1618 865 1690 938 375:

93 939 182 994 unalis
199 940 701 1017 messendmnputatlliopithem
723 945 886 1008 furiosum!
909 941 1052 1021 Λυκόφρων
1080 944 1103 1001 δ’
1129 942 1249 1002 ἀπέδωκε
1277 944 1307 1003 τὸ
1332 947 1533 1016 σελλίζεσθαι
1561 951 1618 1009 ἀντὶ
1645 959 1691 1012 τοῦ

94 1047 140 1082 cun
148 1029 295 1101 tympanis.

459 1159 486 1197 α.

117 1250 228 1308 Εεοῐὶειν.
248 1250 325 1308 Lex.
340 1251 485 1330 llippoer.
503 1273 535 1328 p.
550 1251 618 1324 376,
634 1252 835 1313 Ὑαστιῐναι
851 1276 858 1316 :

90 1339 206 1404 ὑασλεῐναι,
225 1336 276 1394 καὶ
295 1338 558 1413 διατεταμένον
580 1338 610 1397 εδ
626 1342 795 1417 ὑποκείμενον
808 1341 860 1410 ξό-

90 1425 142 1494 λον,
152 1413 240 1482 τὀοἶον
255 1423 374 1503 βάθρον,
390 1428 426 1491 ὥς
440 1426 485 1484 καὶ
497 1427 551 1505 Φρ.
564 1429 591 1486 ἒν
602 1429 697 1508 Κρόνῳ
707 1429 772 1509 φησὶ

127 1541 212 1632 Κλίνῃ
230 1541 400 1632 μεμνήσθω
414 1538 458 1633 μ’,
471 1540 492 1634 η’
506 1541 604 1627 [ibon
619 1548 823 1638 ὑποτεταγώς.

87 1670 174 1724 l'itiose
184 1669 215 1725 ll.
234 1666 318 1738 Κείνη
332 1690 362 1741 μ.
378 1690 412 1741 με
428 1666 451 1734 ξ.
467 1669 633 1746 ὑποτεταγός.
649 1671 795 1746 Queritur,
810 1677 860 1747 qui

84 1758 133 1813 λικε
146 1757 230 1827 dixit,
252 1775 283 1812 se
303 1756 462 1830 aliquando
483 1758 519 1813 ab
534 1759 625 1814 altero
643 1757 762 1816 fortiore
786 1763 859 1817 sellae

81 1845 227 1916 subjectum
241 1861 321 1917 esse,
336 1854 473 1919 tanquam
484 1845 610 1919 lignum,

80 1931 213 2002 fulcrum
226 1952 254 1990 ν.
271 1933 398 2007 interpp.
415 1934 618 2006 Xenophontis
638 1933 674 1989 ad
689 1935 858 1993 Commentt.

76 2021 157 2079 Socr.
172 2040 204 2090 ο,
220 2040 245 2092 ι,
256 2021 301 2091 to,
314 2017 423 2095 Cyrop.
442 2020 471 2093 8,
489 2021 518 2092 8,
536 2022 581 2097 16,
594 2022 736 2098 Euripidis
749 2023 785 2078 ad
795 2026 855 2081 Alc.

76 2106 146 2178 950.

454 2205 480 2260 3.

109 2316 214 2372 Athen.
234 2335 264 2389 9,
278 2336 310 2391 p.
333 2317 402 2391 371,
427 2320 449 2375 F
472 2340 478 2372 :
499 2308 528 2373 οὗ
551 2317 676 2395 (qadim)
703 2320 859 2396 μνημονεύει

70 2402 126 2477 lap.
141 2403 168 2459 ἐν
183 2402 250 2479 Κρ.,
269 2401 335 2480 ὅπερ
348 2401 519 2480 ἐξηγούμενος
542 2405 631 2483 δρᾶμα
648 2406 762 2482 Δίδυμος
780 2407 858 2482 ὅμοιά

68 2510 146 2564 ρησιν
161 2479 230 2545 εἶναι
247 2488 284 2546 εδ
300 2489 386 2566 γήθυα
399 2498 453 2555 τοῖς
468 2492 614 2568 λεγομένοις
629 2495 858 2573 ἀμπελοπράσοις,

67 2577 98 2633 τὰ
109 2574 134 2634 δ’
145 2575 217 2634 αὐτὰ
231 2577 279 2634 καὶ
292 2579 448 2654 γηθυλλίδας
460 2579 590 2658 λίγεσθαι.
604 2607 615 2633 ι
629 2586 709 2641 Libri
726 2586 859 2642 mendose

66 2664 264 2734 ἐκιθυλλίδαςε
285 2688 311 2725 v.
330 2669 495 2726 Schneider.
514 2671 550 2728 ad
568 2673 702 2730 Nicandri
726 2675 856 2748 Alexiph.

63 2777 93 2830 p.
111 2755 183 2814 218.
203 2782 217 2804 ν
235 2759 261 2811 E
274 2756 316 2813 M.

454 2875 481 2936 4.

105 2981 212 3038 Pollux
228 3000 257 3051 ρ,
280 2980 335 3037 136
350 3000 358 3039 :
375 2983 433 3060 Φρ.
452 2983 479 3039 ἐν
496 2983 548 3062 Κρ.
569 2980 613 3038 καὶ
627 2982 857 3059 ἀλεκτρυοπω·

64 3066 153 3136 iasii
163 3090 178 3144 ρ
187 3089 234 3125 ιον
248 3066 359 3146 εἴρηκεν.
374 3072 422 3128 Sic
444 3073 544 3148 vulgo;
558 3070 703 3130 nokkerus
716 3089 784 3129 vero
799 3071 859 3130 edi·

66 3156 107 3210 dit
122 3154 440 3232 ἂλεκτρυσπώλιον.

106 3382 235 3453 Hesych.
253 3379 415 3439 *Zisllioui
431 3403 438 3437 ι
456 3383 512 3458 Φρ.
528 3384 555 3439 ἐν
572 3384 623 3461 Κρ.
636 3379 774 3459 «Ἄγαμαι
785 3388 860 3445 ’Διο-

65 3464 146 3523 νύσω
158 3465 304 3543 στόματος,
315 3454 374 3533 ὡς’
386 3468 521 3527 σεελλίσαι
533 3470 683 3545 κεκομμένα
695 3470 830 3539 πολλάκις.
844 3500 855 3525 ο

66 3553 199 3632 Αἰσχίνης
212 3577 248 3621 τις
262 3556 381 3636 ὑπῆρχε,
398 3555 501 3616 Σίλλου
518 3559 624 3637 (intell.
645 3558 710 3635 υἱὸς)
725 3558 859 3636 καλούμε-

66 3661 124 3713 νος,
139 3642 243 3711 ἀλαζὼν
258 3644 302 3701 καὶ
323 3647 351 3703 ἐν
371 3648 411 3724 τῷ
428 3645 608 3724 διίλεγεσθαι,
625 3645 670 3703 καὶ
685 3648 712 3703 ἐν
725 3648 763 3725 τῷ
776 3668 861 3725 προσ·

68 3734 201 3786 nussim
217 3733 346 3804 πλουτεῖν,
367 3732 510 3810 πενόμενος
528 3732 555 3791 δὲ
580 3732 638 3792 καθ’
653 3732 810 3812 ὓπερὸολὴν,
824 3737 859 3801 ὡς

68 3815 126 3880 ab<
156 3818 356 3895 παραπλησίους
382 3820 468 3900 τούτῳ
489 3821 504 3851 *
533 3822 680 3879 καλεῖσθαι.
708 3824 858 3897 Phrynichi

71 3906 526 3967 tcrbasicvidcnturhabuisse:
630 3896 635 3907 ⁹

119 4014 244 4114 Ᾰγαμαε
259 4035 343 4090 Διονῡ
352 4075 361 4109 ,
379 4035 433 4091 σοῦ
448 4026 619 4116 στόματος,
635 4034 674 4103 ὡς
686 4029 858 4092 σεσέλλισαι

119 4137 280 4230 αεαομμέό
296 4142 361 4205 ἔνια
374 4140 535 4216 πολλάκις.

73 4263 104 4315 10
115 4265 221 4336 quibus
236 4269 322 4323 blein
341 4270 436 4333 Δνονῦ,
449 4271 506 4325 σοῦ.
524 4294 534 4316 ι
549 4271 639 4342 Etyrn.
652 4270 691 4323 ll.
705 4286 734 4343 p.
749 4287 815 4338 277,
829 4268 857 4338 3,

73 4354 189 4417 Διοεῦς
205 4351 381 4428 εδγυναικίας
393 4352 589 4424 καὶπάνθηλυς.
604 4357 647 4414 cf.
664 4358 787 4431 interpp.
805 4355 859 4413 lle·

73 4440 161 4507 sychii
173 4442 203 4499 h.
219 4462 245 4498 ν.
261 4443 446 4499 Herodianus
462 4446 536 4499 Dict.
551 4445 627 4501 solit.
640 4463 671 4517 p.
686 4447 735 4513 31,
747 4462 787 4517 9:
804 4441 859 4500 ἔστι

74 4523 99 4579 ἑὲ
115 4527 159 4584 ul
173 4527 203 4586 τὸ
217 4532 308 4594 Δισνῢς
323 4528 397 4609 παρὰ
420 4529 474 4595 τοῖς
493 4538 618 4604 κωμικοῖς
635 4530 678 4587 ἐπὶ
692 4535 737 4587 τοῦ
751 4529 860 4587 ἐκλύτου

75 4610 242 4687 τασσόμενον.
255 4618 358 4675 aldeni
372 4628 450 4674 recte
465 4614 614 4674 σεσελλισαι
625 4629 653 4674 et
664 4619 693 4672 in
702 4637 730 4676 v.
746 4629 774 4672 et
783 4619 860 4691 aliud

77 4698 255 4775 llesychiurn,
270 4708 321 4778 qui
343 4707 403 4780 ipse
420 4708 507 4780 paulo
522 4705 614 4775 inira,
631 4700 785 4762 Σεσελίσῡαι
801 4704 861 4779 (ss-

455 4896 482 4944 2.

71 4970 296 5031 &imitamento
311 4994 354 5032 νινε
364 4976 415 5033 abs
426 4986 453 5033 te
467 4980 639 5050 subjeetum,
656 4978 727 5034 velut
742 4977 857 5047 lignum.

447 5071 473 5119 3.

71 5142 162 5233 liuor,
180 5148 279 5222 Diony,
295 5165 326 5205 os
338 5158 418 5205 tuum
430 5192 437 5216 ,
450 5152 496 5223 qui

68 5231 174 5291 mutis
186 5235 354 5304 quibusdam
368 5252 444 5308 sape
458 5238 590 5308 gloriaris.

882 1015 886 1142 ρ
908 1029 1086 1105 ψελλίζεσθαι.
1102 1029 1204 1109 Mein.)
1221 1037 1309 1092 Versu
1326 1054 1342 1091 a
1365 1034 1420 1093 ἔνια
1435 1038 1550 1095 videtur
1562 1041 1692 1100 haustum

908 1118 945 1173 ab
954 1117 1013 1174 ·ε’να
1027 1120 1137 1178 :codex
1151 1122 1227 1176 enim
1242 1121 1403 1197 κεκομμένα,
1416 1135 1445 1180 et
1452 1124 1533 1198 juvat
1545 1128 1615 1185 illud
1629 1149 1692 1187 sen·

908 1208 1039 1277 tentiam,
1051 1207 1193 1281 siquidem
1206 1208 1237 1263 in
1257 1210 1424 1283 quotidiana
1442 1214 1502 1269 ritu
1517 1215 1589 1272 nihil
1601 1220 1692 1276 mole·

907 1296 976 1350 stius
1001 1306 1043 1351 est
1064 1314 1149 1370 quam
1171 1296 1364 1370 gloriosorum
1387 1314 1542 1359 scommata
1561 1307 1692 1379 quaedam

910 1379 994 1455 (ἔνια,
1015 1402 1075 1439 non
1087 1384 1192 1455 multa,
1210 1402 1380 1460 semperque
1397 1390 1511 1466 nova,)
1535 1392 1691 1452 identidem

907 1471 1039 1545 repetita.
1071 1472 1207 1547 Bergkins
1222 1473 1365 1548 xsxoppe‘v'
1386 1474 1437 1547 ἤδη
1458 1498 1489 1535 π.
1506 1481 1549 1536 De
1562 1482 1692 1542 AEschine

907 1557 956 1612 illo
969 1577 996 1615 v.
1014 1558 1099 1614 index
1110 1560 1315 1634 Aristophanis.

1155 1718 1207 1778 lV.
1227 1718 1438 1780 ΚΩΜᾸΣΤΑΙ.

624 1847 643 1902 l·
656 1866 683 1903 θ·
697 1846 862 1923 Ρ(Ξὰεῃιεω
946 1887 1166 1958 Deargumento
1184 1883 1268 1956 hujus
1285 1887 1431 1944 eomoediae
1447 1891 1532 1950 Mein.
1550 1911 1616 1949 rere
1634 1906 1691 1952 sta-
1781 1955 1787 1970 ,

907 1983 986 2028 tuere
993 1981 1074 2048 putat
1085 1972 1274 2046 Droysenium
1282 1974 1314 2029 in
1325 1974 1570 2035 commentatione
1580 1979 1615 2038 de
1625 1985 1692 2038 Avi·

880 2065 883 2125 ἒ
906 2061 959 2116 hus
972 2071 999 2116 et
1021 2078 1103 2115 cansa
1122 2059 1400 2135 llermocopidarum
1418 2081 1450 2137 p.
1475 2064 1523 2139 69.
1539 2090 1551 2115 ι
1572 2067 1691 2126 Videtur

906 2149 981 2203 enim
996 2149 1027 2202 in
1038 2149 1202 2204 convivioa
1222 2150 1460 2207 comessatoribus
1472 2154 1600 2211 instituto
1617 2175 1692 2231 prae·

906 2252 968 2290 sens
981 2233 1113 2291 adfuisse
1132 2236 1306 2306 Mercurius,
1329 2251 1495 2312 quumque,
1510 2242 1579 2296 vino
1598 2243 1691 2299 madi-

879 2295 883 2394 λ
906 2322 976 2391 dus,
997 2323 1136 2378 titubante
1158 2323 1305 2379 incederet
1325 2342 1439 2399 gressu,
1463 2330 1607 2404 versibus,
1629 2350 1692 2405 quae

906 2412 1028 2466 servavit
1041 2410 1208 2466 Plutarchus
1219 2412 1312 2470 Alcih.
1326 2431 1354 2472 ε.
1369 2431 1417 2486 ao,
1425 2416 1551 2473 monitus
1562 2435 1639 2488 esse,
1654 2438 1690 2476 ne

905 2516 1013 2571 pronus
1027 2498 1130 2554 cadens
1143 2498 1273 2555 membra
1290 2498 1417 2575 frangat,
1436 2519 1530 2576 eoque
1548 2504 1692 2573 malevolis

905 2603 1011 2641 novam
1027 2585 1178 2641 accusandi
1196 2588 1441 2662 opportunitatem
1460 2591 1595 2664 prebeat.
1607 2591 1689 2647 Conf.

901 2673 1007 2747 Bergk.
1022 2673 1189 2730 Commentt.
1204 2692 1233 2748 p.
1250 2675 1318 2746 370.
1332 2700 1345 2724 ν
1360 2676 1384 2729 Ε
1398 2677 1441 2732 Μ.
1456 2679 1609 2746 inversus
1624 2681 1667 2737 illi
1683 2701 1689 2735 :

1289 2807 1313 2845 l·

955 2883 982 2965 d
1000 2896 1118 2992 φίλταθ’
1133 2895 1236 2993 lippi,
1257 2903 1509 2992 aucupabimur,
1531 2910 1571 2997 μὴ
1591 2910 1691 2973 πεσὼν

955 3009 1045 3073 αὑτὸν
1064 3010 1239 3099 περικροόσῃ
1257 3007 1310 3072 καὶ
1322 3009 1479 3102 παράσχῃς
1495 3003 1643 3087 δεαόολὴν

954 3115 1046 3204 ἑτέρῳ
1063 3105 1246 3201 Διοκλείδᾳ,
1268 3116 1442 3206 βουλομένῳ
1453 3118 1545 3183 κακόν
1559 3144 1590 3183 τι
1606 3111 1690 3210 δρᾶν.

979 3241 1024 3285 ΡΜ
1053 3211 1255 3308 ‹initimu-
1277 3221 1396 3311 Τεόκρῳ
1412 3218 1468 3311 γὰρ
1484 3221 1550 3312 οὐχὶ
1585 3228 1691 3307 βούλο-

1636 3354 1691 3419 lidi

909 3423 928 3495 5
957 3432 1088 3519 μήνυτρα
1102 3420 1224 3510 δοῦναι,
1240 3436 1284 3515 τῷ
1298 3428 1481 3521 παλαμναίῳ
1496 3424 1581 3516 ξένῳ.

907 3561 994 3615 Versu
1012 3575 1022 3611 1
1041 3558 1123 3632 posui
1137 3552 1349 3634 καταρυλόετου.
1366 3557 1458 3613 Codd.
1472 3560 1594 3633 proclivi
1610 3561 1691 3636 lapsu

906 3643 948 3717 (v.
958 3643 1049 3701 Thuc.
1067 3642 1096 3712 6,
1113 3643 1160 3718 18,
1173 3641 1248 3716 etc.)
1259 3640 1304 3699 καλ
1316 3640 1461 3720 φυλάσσου.
1476 3647 1561 3707 Mein.
1576 3667 1631 3724 pro
1646 3669 1691 3705 ar-

905 3731 993 3787 bitrio
1006 3720 1046 3788 'lt
1061 3751 1089 3807 φ.
1105 3727 1158 3801 ll„
1170 3733 1215 3787 νῦν
1228 3730 1298 3808 qul„
1311 3730 1418 3790 addens
1432 3744 1525 3791 tamen
1540 3755 1547 3789 ε
1568 3761 1580 3786 ι
1597 3738 1650 3793 nisi
1660 3739 1692 3792 in

905 3821 1053 3892 superiore
1074 3836 1157 3873 versu
1178 3818 1232 3873 fuit
1251 3814 1329 3895 χαῖρί
1349 3839 1394 3892 μοι
1412 3822 1457 3877 vel
1473 3823 1564 3879 simile
1582 3824 1690 3898 quid.»

905 3902 938 3963 V.
965 3924 981 3960 ο
1006 3905 1083 3962 idem
1109 3907 1206 3980 posuit
1232 3903 1391 3984 παρακρούσῃ
1416 3927 1471 3982 pro
1505 3909 1688 3990 παρακρούσῃ.

905 4018 917 4043 ι
931 3996 1015 4064 Nam,
1029 3995 1131 4068 inquit,
1140 3994 1212 4050 illud
1222 3995 1338 4054 solenne
1351 3997 1381 4051 in
1396 3997 1450 4053 hae
1462 4016 1495 4055 re
1505 3999 1625 4055 verbum
1637 4010 1690 4056 est.

905 4079 1085 4156 Phrynichus
1102 4082 1224 4139 Beltkeri
1245 4101 1274 4157 p.
1289 4082 1338 4151 60,
1354 4082 1405 4157 05,
1431 4084 1691 4164 παρακεκρουμέ-

905 4190 954 4234 νος
973 4168 1147 4247 ἄνθρωπος
1165 4188 1172 4228 :
1188 4169 1266 4247 όούχ
1279 4166 1431 4246 ὁλόκληρος.
1450 4173 1467 4240 ἡ
1487 4172 1622 4251 μεσαρορδι
1637 4172 1690 4230 ἀπὸ

904 4261 956 4315 τῶν
976 4257 1087 4334 ἀγγείων
1109 4260 1160 4314 τῶν
1182 4255 1234 4314 ὑπὸ
1254 4255 1349 4335 χρόνου
1373 4259 1624 4336 περικεκρουμίνων.
1648 4261 1691 4317 De

905 4353 1037 4408 Dioclida
1049 4362 1078 4407 et
1091 4354 1201 4407 Teucro
1208 4392 1217 4421 ‚
1240 4369 1364 4424 quorum
1375 4369 1491 4426 magnas
1503 4366 1596 4428 partes
1610 4354 1692 4411 fuisse

880 4472 883 4499 a
905 4451 1014 4496 constat
1024 4442 1052 4494 in
1067 4458 1150 4495 eausa
1166 4438 1459 4513 Hermoeopidarum‚
1470 4451 1537 4496 nota
1549 4445 1644 4499 omnia
1656 4463 1690 4499 ex

880 4502 883 4596 l
905 4529 1069 4598 Andocide3
1083 4549 1108 4584 ν.
1122 4531 1259 4602 Droysen.
1272 4528 1291 4585 l.
1305 4529 1323 4584 l.
1337 4545 1368 4600 p.
1384 4527 1419 4592 34
1437 4539 1467 4583 ct
1479 4535 1528 4603 49.
1547 4555 1559 4580 a
1577 4532 1690 4587 Plutar-

880 4603 883 4637 ³
905 4618 974 4673 chus
988 4619 1006 4674 l.
1021 4636 1047 4673 c.
1063 4637 1070 4670 :
1088 4613 1144 4679 τοὺς
1154 4613 1320 4689 μηνύσαντας
1332 4610 1406 4688 ὁμὲν
1417 4613 1580 4686 Θουκυδίδης
1594 4618 1690 4691 ὀνομά-

881 4645 884 4744 Δ
905 4725 949 4760 σαι
963 4704 1092 4779 παρῆκεν,
1109 4700 1182 4759 είλλοι
1195 4701 1218 4757 δ’
1229 4699 1384 4776 ὀνομάζουσι
1396 4701 1549 4760 Διοκλείδαν
1562 4703 1608 4762 καλ
1622 4707 1690 4764 Τεῦ-

878 4822 920 4829 va·-

1151 4871 1448 4927 cotlsssssronrs.

1287 4963 1310 5012 1.

905 5047 930 5100 0
944 5044 1084 5100 carissime
1096 5042 1226 5110 Mercuri,
1240 5058 1303 5099 cave
1316 5058 1351 5098 ne
1367 5041 1510 5116 prolapsus

880 5158 883 5244 Ι
905 5139 932 5186 te
943 5128 1085 5196 vulneres,
1098 5145 1246 5201 ausamque
1255 5130 1435 5186 accusationis
1447 5131 1567 5202 praebeas

880 5254 883 5285 ,
906 5216 983 5272 alteri
997 5215 1128 5282 Dioclidi‚
1143 5215 1328 5272 inaleiaeiendi
1341 5215 1450 5287 cupido.

880 5290 883 5386 l
906 5305 1017 5361 ltlEltC.
1042 5306 1149 5360 Cavebo
1173 5319 1284 5376 :noque
1304 5304 1377 5367 enim
1390 5307 1498 5362 Teucro
1514 5304 1605 5360 indicii
1622 5321 1688 5377 μισ·

880 5392 884 5442 l
908 5391 994 5447 mium
1010 5390 1072 5447 dare
1086 5389 1162 5458 solu,
1180 5389 1308 5461 piaculari
1330 5388 1427 5460 hospiti

1561 5487 1593 5528 n.
