3917 5950
874 495 1047 558 catulus.

142 625 276 707 δρνιδιίαις
289 638 392 686 neutro
410 644 514 703 genere
523 627 660 700 sequitur.
672 627 772 702 Neque
784 628 866 686 alitor
877 646 929 685 sc-

144 716 312 792 cipiendum
332 727 374 773 est
388 713 530 792 τάγχέλεια
550 716 697 792 Aristoph.
712 715 838 775 Acbarn.
855 724 931 791 974,

145 808 197 862 ubi
215 804 306 864 schol.
332 821 341 863 t
362 799 381 873 ἢ
403 801 489 861 λείπει
510 799 544 860 ad
568 800 651 882 κρέα,
669 793 735 882 ίν’ᾖ
756 800 790 860 τά
810 802 932 881 ἐγχίλεια

145 891 223 970 ιιρία.
250 894 363 949 Falsum
384 903 442 963 est,
467 889 548 965 quod
568 890 691 964 subjecit
709 885 750 959 εῆ
772 887 861 968 λίγει,
885 888 932 957 τάς

145 980 280 1059 ἐγχελεις,
294 982 361 1056 quia
375 980 468 1038 Graeci
478 997 582 1056 parvas
593 979 730 1055 anguillas
744 978 844 1036 dicunt
857 977 932 1057 iffi⁴

145 1071 190 1129 λια
212 1070 271 1126 sive
286 1064 444 1147 ἐγχελύδια,
467 1086 527 1124 non
547 1066 678 1145 ἐγχέλεια.
701 1067 743 1125 Ci.
764 1068 857 1124 Calliae
878 1070 932 1142 Cy·

147 1158 223 1233 clop.
243 1174 272 1213 1.
522 1233 550 1294 30

184 1349 290 1409 Pollux
304 1350 336 1420 3,
351 1350 407 1408 150
420 1365 429 1410 t
441 1345 486 1428 ἐφ’
502 1334 539 1426 ὧν
554 1346 702 1426 (σφαιρῶν)
715 1343 762 1405 καί
775 1345 805 1405 τδ
818 1368 933 1427 σφαιρο-

146 1443 261 1516 μαχεῖν,
282 1435 328 1495 καί
351 1433 598 1516 σφαιρομαχία
621 1432 695 1514 παρδ
709 1432 884 1513 Ἀριστομένει
906 1437 933 1494 ἐν

146 1524 264 1604 Διονύσῳ
277 1526 394 1603 άσιιητῇ.
409 1526 491 1583 Unus
506 1524 599 1582 codex
613 1521 806 1602 σφαιρομαχίαι
820 1534 849 1582 et
865 1527 933 1583 Διο-

145 1611 215 1692 νύαιρ
229 1614 256 1672 ἰν
269 1613 407 1684 άσιιηταῖς.
418 1613 504 1687 Quod
517 1613 684 1670 nihilhabet
693 1611 868 1691 offensionis,
879 1633 933 1671 nec

146 1703 240 1760 minus
257 1713 336 1760 recte
357 1702 454 1759 fabula
479 1702 617 1777 inscripta
643 1699 730 1757 hierit
753 1697 876 1764 Διόνυσος
906 1702 933 1759 ἐν

146 1793 285 1865 ἀακηταῐς,
295 1792 429 1848 Bacchus
448 1795 524 1846 iuter
536 1794 695 1862 dictatores,
712 1809 799 1867 φυεω
812 1790 935 1860 Διόνυσος

145 1878 280 1958 ἀσκητὴς,
300 1881 430 1938 Bacchus
444 1882 570 1950 dictator,
589 1881 634 1938 rel
655 1882 821 1955 simpliciter
838 1880 934 1940 Διόνυ·

145 1990 199 2034 ⁰0⁴·

159 2094 404 2157 lucmuuuu
425 2094 659 2156 FABULARUM
679 2096 916 2155 FRAGMENTA.

529 2242 557 2283 1.

185 2337 289 2395 Athen.
317 2358 354 2410 1.‚
378 2358 407 2415 p.
435 2358 480 2413 11,
506 2339 548 2410 Ι),
571 2338 607 2395 de
633 2337 723 2395 verbo
748 2335 934 2416 ἀκρατίζεσθαι

145 2424 375 2504 ἀίονειεαοεἈρ.
474 2496 476 2498 .

192 2536 399 2633 Ᾱιιρατιοῦμαι
414 2542 528 2634 μικρὸν,
546 2537 598 2607 εἶδ’
619 2535 683 2618 ἥξω
701 2539 808 2628 πολιν,

192 2644 286 2738 ἄρτου
308 2639 390 2723 dicii
407 2646 473 2738 τρὶς
492 2639 665 2714 ἀποδακών.

148 2800 160 2825 ι
175 2779 305 2835 Priorem
318 2796 432 2835 versum
450 2796 486 2836 ex
497 2781 635 2836 Athenaeo
653 2778 739 2855 petiit
752 2778 880 2836 Eustuth.
895 2776 932 2833 ad

145 2866 246 2940 Odys.
267 2886 300 2943 p.
327 2884 415 2942 1791,
431 2866 479 2938 37.
501 2869 628 2942 Respicit
647 2867 733 2924 etiam
756 2865 932 2940 Phrynichus

145 2960 254 3031 Appar.
279 2953 364 3030 soph.
389 2973 418 3031 p.
445 2954 494 3012 οδ.
520 2954 566 3026 15,
592 2951 819 3034 Ἀαρατίσασθαιι
842 2950 873 3012 τδ
888 2976 918 3030 μι

144 3042 206 3119 κρδν
225 3042 351 3123 ἐμφαγεῖν
369 3042 422 3121 πρδ
448 3045 494 3100 τοῦ
514 3042 634 3122 ἀρίστου.
653 3039 841 3121 Ἀριστοφάνης
863 3042 932 3121 (οἱα)

148 3155 161 3181 ι
177 3127 365 3210 Ἀεροτιοῦμαι
379 3128 480 3209 μικράν.
493 3156 506 3183 ν

316 3240 319 3251 .
518 3246 547 3287 2·

185 3340 286 3396 Pollux
301 3359 332 3410 7,
346 3339 399 3411 167
414 3361 420 3394 z
434 3337 488 3417 Ἄρ.
500 3338 527 3396 δὲ
540 3340 555 3396 i
569 3336 683 3414 κωμικὸς

193 3444 411 3523 Φιλακύλουδος
433 3442 569 3540 ἄρχεται.

144 3599 157 3624 ι
168 3574 190 3631 1²
191 3574 233 3630 uit
241 3574 291 3648 qui
298 3570 571 3653 οοτήςοιοῑέρχιτοι.
577 3571 634 3631 Sed
639 3572 933 3649 quispraestctpoetam

144 3681 204 3718 non
213 3663 325 3736 petiisse
336 3680 456 3719 acumen
468 3681 503 3718 eu
515 3663 661 3738 oppositis,
675 3673 708 3718 ut
717 3679 812 3718 sensus
820 3662 872 3716 sit:
886 3671 936 3736 qui

144 3753 218 3805 alius
227 3769 372 3824 sequacem
392 3769 423 3805 se
436 3756 576 3825 praestitit
593 3768 666 3804 nuuc
688 3754 747 3825 ipse
764 3754 806 3804 rci
821 3754 931 3806 initium

143 3837 236 3902 fucit?
249 3834 446 3904 Φιλακυλουθος
460 3839 545 3894 ettam
559 3837 706 3913 Aristoph.
723 3839 797 3895 Rau.
816 3838 874 3903 416
889 3855 934 3893 as-

143 3928 290 4002 sumpsisse
302 3926 425 3984 videtur.
447 3928 571 3983 Pollucis
584 3927 650 3985 cod.
665 3925 743 3984 Paris
759 3930 784 3982 A
797 3924 867 4001 λέγει
878 3946 932 4003 pro

144 4016 264 4092 άρχεται.
281 4036 295 4064 ν
312 4015 337 4069 E
350 4015 395 4071 M.
523 4093 539 4148 3

184 4206 325 4279 flarpoct.
339 4222 369 4279 p.
385 4223 452 4277 127,
474 4223 494 4280 9
511 4224 518 4260 :
535 4202 576 4260 ὅτι
589 4201 617 4261 il
631 4203 676 4261 ιιαὶ
688 4205 712 4261 oi
726 4204 814 4262 δοῦλοι
829 4204 932 4283 ιἰφιδέν·

142 4383 194 4437 τῶν
207 4382 336 4457 ιινιμιιιόν
350 4378 533 4454 δεδηλιύιιασι,
548 4380 594 4439 rial
606 4379 659 4459 Ἀρ.

496 4522 560 4582 XX.

437 4672 641 4740 CALLIAS.

186 4862 198 4884 ν
215 4835 318 4892 Suidas
332 4856 339 4890 z
357 4833 475 4901 Καλλίας
489 4832 622 4905 Ἀθηναῖος
635 4834 765 4911 κωμικὸς,
776 4833 831 4901 υίδς
843 4838 927 4895 Λυσι·

143 4926 250 5000 μάχου,
275 4919 451 4992 δςέπιιιλήδη
475 4921 605 5002 Σχοινίων
627 4920 671 4980 διδ
689 4922 719 4982 τὸ
741 4920 931 5003 αχοινοπλύιιου

330 5093 381 5145 Ex
400 5091 565 5150 leERTlS
583 5095 750 5153 FABULIS

525 5186 537 5233 1

146 5264 214 5320 lteri
227 5259 379 5335 pauxillum
391 5262 491 5333 biham,
503 5221 568 5322 dein
580 5266 686 5331 redibo,

145 5353 224 5424 panis
243 5350 332 5407 bucca
346 5348 388 5406 his
403 5357 473 5410 terve
487 5352 622 5410 demorsa,

1704 518 1762 570 m

978 616 1047 686 εἶναι
1057 627 1170 710 πατρός.
1186 634 1270 688 Hunc
1279 631 1317 688 ad
1331 635 1529 691 Demosthenis
1543 647 1654 694 aetatem
1665 641 1763 698 retulit

976 719 1152 776 Luchesinus
1175 720 1212 777 sd
1234 718 1384 778 Demosth.
1400 721 1520 795 Olynth.
1537 740 1568 799 a,
1584 742 1616 799 p.
1639 725 1691 799 23,
1705 746 1762 806 ²⁰3

976 806 1159 883 sedentique
1170 808 1316 865 comoediae
1326 809 1423 883 poetis
1437 809 1684 870 adnumerandum
1696 833 1763 888 esse,

976 896 1236 970 expressumdocet
1245 897 1373 956 Athenaei
1383 899 1575 955 testimouium
1587 918 1635 976 ιο,
1647 920 1678 977 p.
1693 901 1761 975 453,

977 984 1013 1054 C,
1022 985 1074 1040 ubi
1083 986 1216 1059 proxime
1227 996 1292 1042 ante
1305 984 1471 1043 Strattidem
1482 986 1576 1063 (circa
1589 988 1697 1064 olymp.
1712 1009 1762 1068 92,

976 1082 1043 1130 ante
1064 1074 1131 1132 Chr.
1159 1084 1219 1129 nat.
1247 1073 1324 1150 4ιυ)
1345 1071 1475 1131 floruisse
1501 1073 1615 1132 dicitur.
1634 1076 1764 1136 Eundem

977 1160 1084 1218 Gratim
1111 1162 1244 1218 aemulum
1267 1161 1353 1220 fuisse
1377 1163 1577 1239 intelligiturc
1596 1164 1706 1221 scholio
1727 1167 1764 1223 ad

978 1249 1122 1325 Aristoph.
1137 1251 1191 1326 Eq.
1205 1250 1273 1310 526.
1286 1248 1462 1310 Scdoeniouis
1473 1269 1645 1329 cognomen,
1656 1253 1693 1311 de
1703 1273 1764 1332 quo

977 1356 1065 1414 supra
1078 1338 1187 1411 Suidns,
1200 1338 1317 1397 fortusse
1328 1338 1444 1399 Cratino
1458 1351 1610 1417 acceptum
1628 1343 1736 1404 retulit.
1751 1368 1766 1396 ν

977 1426 1069 1486 Mein.
1083 1428 1139 1500 Qui
1151 1428 1245 1485 Calliae
1256 1447 1362 1486 nomen
1373 1448 1428 1504 pro
1448 1427 1604 1488 Καλλιάδου
1616 1432 1662 1488 τοῦ
1676 1452 1765 1507 κωμι-

978 1514 1202 1591 subponendam
1213 1516 1384 1588 conjiciebat
1400 1517 1472 1575 Hist.
1486 1518 1550 1573 crit.
1561 1517 1643 1577 Com.
1654 1538 1683 1594 p.
1693 1518 1763 1595 ανδ,

977 1620 1031 1659 nec
1043 1614 1137 1660 tamen
1149 1605 1298 1679 persuasit.
1316 1603 1436 1663 Καλλίαν
1450 1603 1493 1663 τδν
1508 1606 1662 1666 Καλλιάδου
1675 1609 1764 1667 habes

978 1690 1071 1752 Thuc.
1089 1710 1115 1762 1,
1131 1692 1181 1763 61,
1203 1690 1361 1751 Καλλιάδεω
1382 1691 1509 1772 άρχοντος
1522 1692 1680 1768 Ἀθηναίοισι
1705 1700 1764 1755 He-

977 1778 1077 1836 rodot.
1109 1779 1139 1850 8,
1167 1779 1201 1837 51
1228 1780 1353 1857 (olymp.
1383 1788 1432 1856 74,
1459 1789 1487 1854 4,
1507 1795 1573 1841 ante
1605 1785 1673 1843 cur.
1701 1797 1760 1845 nst.

980 1865 1065 1942 4814,
1099 1880 1155 1928 etc.
1178 1869 1233 1925 Sex
1253 1868 1412 1926 sabrdarum
1434 1872 1532 1929 titulos
1559 1883 1764 1930 commemorat

979 1956 1098 2029 suidas,
1122 1967 1291 2032 praetereas
1305 1975 1428 2033 quaerum
1449 1958 1607 2036 fragmenta
1631 1971 1762 2031 exstant,

979 2041 1650 2124 Αἰγύπτιος,Βάτραχοι,Σχολάζοντες.

1240 2205 1260 2262 Ι.
1287 2204 1502 2265 ΛΤΛΛΑΝΤΗ.

1018 2349 1160 2406 Zenobius
1176 2358 1206 2422 4,
1221 2351 1279 2420 67:
1302 2346 1454 2428 ιΚίρδυς
1477 2349 1649 2429 αἰσχύνης
1671 2350 1764 2425 άμει·

978 2458 1044 2493 νον·
1056 2434 1130 2494 ίλιιε
1145 2434 1330 2515 μοιχδν*ἣ
1350 2436 1466 2516 μυχύν.
1485 2463 1499 2489 ι
1521 2436 1619 2510 ταύτης
1631 2435 1764 2514 μίμνηται

979 2527 1016 2586 Κ.
1032 2523 1059 2581 ἐν
1074 2522 1230 2603 Ἀταλάντῃ.
1256 2527 1356 2584 Suidas
1371 2547 1400 2587 v.
1415 2524 1517 2604 Μοιχύς
1540 2546 1548 2583 ε
1570 2525 1616 2585 καί
1635 2526 1764 2607 παροιμία

978 2638 991 2665 ι
1005 2609 1096 2671 *diust
1111 2610 1202 2692 μοιχδς
1215 2614 1240 2680 ἐς
1258 2611 1364 2694 μοιχύν,
1378 2639 1391 2666 ν
1407 2615 1562 2694 ρηθεῖσατῷ
1575 2612 1690 2694 Καλλία.
1701 2619 1764 2692 Αρ-

977 2714 1074 2781 paret,
1095 2722 1131 2761 ex
1150 2704 1298 2780 prioribus
1311 2704 1405 2765 Suidae
1422 2705 1560 2763 excidisse
1579 2706 1765 2783 proverbium

981 2791 1078 2870 Κέρδυς
1096 2789 1223 2870 αἰσχύνης
1245 2790 1361 2870 ἄμεινον,
1376 2794 1457 2869 quod
1479 2796 1571 2851 solum
1592 2814 1765 2853 commemo-

979 2882 1051 2939 ravit
1063 2882 1254 2958 Diogenianus
1265 2881 1295 2960 5,
1310 2888 1359 2951 4ο.
1373 2885 1463 2939 Recte
1478 2882 1614 2954 Meinek„

1027 3003 1146 3103 Κέρδος
1169 3011 1314 3106 αἰσχύνης
1340 3008 1472 3103 ἄμεινον·
1497 3014 1566 3078 ἕλκε
1602 3014 1711 3104 μοιχὸν
1721 3017 1764 3176 όἐς

1656 3136 1719 3202 pop
1738 3138 1764 3210 l,

978 3265 1111 3342 suppleto
1121 3263 1237 3339 σαγήνης
1246 3264 1291 3321 vel
1304 3265 1389 3320 simili
1400 3264 1556 3333 vocabulo,
1574 3270 1604 3318 iu
1614 3282 1757 3330 recessum,

980 3359 1010 3408 in
1032 3364 1098 3409 rete.
1114 3352 1250 3408 Muletam
1267 3352 1335 3422 ille,
1354 3369 1390 3408 ex
1416 3369 1512 3421 more,
1533 3351 1629 3407 dicere
1646 3350 1765 3422 jubetur

978 3439 1108 3496 adultero
1118 3440 1243 3495 mulieris
1252 3439 1299 3496 vel
1311 3436 1385 3497 filia.

1219 3564 1259 3626 11.
1289 3564 1516 3625 ΚΥΚΛΩΠΕΣ.

1024 3726 1036 3751 ι
1054 3704 1197 3777 Frequens
1218 3701 1380 3777 Cyclopum
1399 3701 1523 3771 mentio,
1546 3701 1660 3770 sedita,
1678 3712 1710 3758 ut
1726 3703 1765 3759 ad

979 3801 1178 3865 argumentum
1213 3789 1316 3846 fabulae
1343 3788 1571 3864 perspiciendum
1597 3791 1669 3862 nihil
1695 3790 1764 3847 iude

978 3876 1128 3954 proficias,
1149 3877 1202 3933 nisi
1224 3876 1305 3952 quod
1321 3877 1408 3933 lautae
1427 3879 1457 3932 in
1475 3895 1509 3933 ca
1521 3878 1611 3952 epulae
1631 3878 1765 3936 videntur

977 3985 1036 4022 esse
1045 3966 1203 4024 celebrata.
1213 3964 1321 4022 Eadem
1335 3965 1428 4021 fabula
1439 3966 1533 4021 Diocli
1545 3984 1662 4041 quoque
1671 3977 1765 4042 prictae

978 4054 1165 4125 tribuebatur,
1174 4065 1208 4110 ut
1220 4065 1322 4128 qnater
1330 4064 1470 4111 memorat
1480 4053 1638 4113 suemus,
1657 4055 1707 4109 »E
1717 4054 1760 4109 M.

1355 4204 1367 4238 1

1020 4310 1124 4368 Athen.
1138 4328 1165 4381 7,
1179 4327 1209 4383 p.
1225 4307 1298 4380 286,
1321 4309 1343 4364 B
1365 4306 1533 4384 τ’άχαρνύς.
1558 4304 1678 4371 Καλλίας
1706 4306 1762 4366 Κύ-

977 4396 1064 4475 κλωψι
1079 4421 1092 4446 ι
1104 4394 1120 4425 ⁴⁸
1130 4395 1229 4474 κίδαρις
1241 4392 1320 4460 ύπτδς
1332 4393 1377 4451 καὶ
1392 4394 1467 4471 βατίς
1480 4392 1570 4450 θύννου
1583 4414 1612 4450 τε
1621 4391 1763 4472 κεφάλαιον

976 4483 1041 4557 τοδί,
1054 4481 1161 4563 ἐγχέλια
1168 4480 1345 4561 (νυίέγχελία)
1356 4479 1482 4559 κάραύοι,
1491 4478 1584 4555 alieba,
1595 4479 1708 4559 άχαρνος
1717 4479 1761 4538 ού-

975 4595 1038 4639 mg,
1049 4598 1062 4625 ν
1071 4573 1128 4630 Sed
1137 4569 1352 4650 xllapocdthen.
1361 4589 1390 4646 p.
1401 4571 1469 4642 306,
1478 4572 1515 4641 A,
1523 4569 1559 4626 de
1567 4570 1677 4626 citharo
1688 4571 1764 4644 pisce

975 4662 1129 4734 disserens,
1153 4661 1203 4717 ubi
1223 4662 1349 4736 primum
1363 4676 1476 4715 versum
1492 4658 1607 4732 repetit.
1621 4654 1763 4734 Ἐχχίλεια

975 4745 1098 4805 εεούτυσὶ
1108 4743 1372 4823 Schweigh.;iuebc
1380 4744 1509 4804 Erfurdt.
1520 4745 1639 4803 Observ.
1648 4763 1680 4820 p.
1693 4745 1762 4813 46ι.

975 4837 1104 4893 chicun
1127 4834 1247 4891 Bekkeri
1274 4833 1383 4891 hnecd.
1405 4851 1437 4908 p.
1459 4839 1531 4904 474,
1552 4852 1578 4904 ι,
1607 4828 1737 4910 Ἀχαρνεύς
1755 4852 1763 4887 2

975 4920 1097 5000 αἰχαρνὼς
1107 4919 1153 4978 καί
1163 4918 1248 4999 ὀρφὼς
1262 4920 1305 4999 (v.
1317 4922 1464 4996 Aristopb.
1476 4922 1563 4996 Vesp.
1578 4921 1648 4992 478.
1661 4918 1763 4985 Both.)

1276 5110 1484 5165 Animum.

983 5198 1102 5253 Lucrum
1116 5195 1214 5252 melius
1228 5195 1332 5269 pudorc
1346 5217 1352 5252 :

980 5282 1135 5341 adulterum
1152 5284 1262 5356 implica
1276 5285 1336 5340 reti.
