3917 5950
812 444 1038 521 ,tammus
1463 408 1467 416 ’
1704 464 1741 511 ιο

125 574 233 645 idemque
242 588 270 623 v.
281 587 300 624 a
311 566 435 627 νάπαισι
446 592 507 648 pro
519 575 546 631 ἐν
557 572 664 645 ἅπασιν,
677 585 740 631 etv.
753 574 781 647 3,
794 574 910 654 ἀγροῖσιν

128 682 171 737 pro
180 659 280 736 ἀγρίοις.
293 657 420 714 Ibidem
434 658 542 720 Pauw,
553 673 582 718 et
591 662 717 720 Lobeclt.
733 659 848 741 φλόμον,
862 663 911 719 sed

39 796 43 803 .
127 751 185 807 hene
197 746 282 802 hahet
294 743 395 823 φλόον,
399 749 514 819 florem
525 751 617 805 omnis
627 751 748 824 generis,
762 753 912 825 oratioque

24 902 27 903 ⁷
125 842 157 894 sic
168 835 388 910 interpretanda
403 848 469 892 est:
484 835 532 893 καί
550 835 630 916 lualid
645 833 742 908 οὕτως,
754 834 821 895 ὥστε
834 836 913 915 φλόον

27 968 30 971 ,
124 925 174 999 έφθ.
191 945 221 982 π.
235 944 269 983 π.
294 945 323 981 τ.
348 924 414 1003 ιίγρ.
430 923 493 981 Pro
517 922 625 1005 ἄφθονον
647 925 693 985 ed.
715 946 762 1001 pr.
788 923 911 1004 ἄφθορον.

122 1018 227 1069 lernam
240 1031 259 1068 a
277 1014 403 1087 respicit
414 1014 523 1091 athen.
541 1032 570 1083 a,
582 1033 612 1088 p.
625 1014 676 1084 62,
688 1014 721 1084 li,
732 1034 798 1071 cum
812 1017 912 1070 Eusta-

117 1104 172 1157 thio
180 1121 211 1178 p.
230 1099 305 1177 899,
323 1100 372 1160 18.

489 1212 555 1282 137.

152 1324 237 1383 idem
253 1325 295 1382 ih.
315 1322 428 1399 ρ.145
448 1341 456 1381 :
477 1319 628 1401 Ζωρότιρον
646 1324 661 1378 δ
682 1321 793 1393 ποιητής
808 1322 912 1399 (Iliad.

75 1450 87 1489 ·.·
113 1432 145 1488 9,
166 1412 226 1469 203
237 1412 257 1488 l·
268 1406 304 1467 oh
319 1408 349 1467 δδ
360 1406 423 1484 λέγε
437 1434 450 1460 ι
462 1405 574 1486 εὔζωρον
588 1406 699 1490 κέρασον
708 1453 717 1483 ,
729 1436 742 1463 ι
757 1408 802 1467 καί
816 1412 913 1478 εὐζω·

112 1500 277 1579 ρότερον,
290 1500 328 1564 ὥς
338 1495 546 1577 Ἀριστοφάνης,
559 1494 604 1554 καὶ
616 1499 679 1576 ltu,
689 1497 735 1555 κοιλ
746 1496 872 1565 Εὔπολις.

489 1617 555 1675 138.

157 1725 563 1807 ldcmih.p.360‚⁰llpao›ot
575 1727 620 1786 καί
636 1728 787 1807 δρκάιτης
799 1728 911 1809 δ’ίγώ;

117 1819 209 1886 οὕτως
227 1820 282 1897 Πρ.
297 1814 370 1896 φησί·
394 1815 497 1891 μᾶλλον
512 1812 556 1872 δεδι
576 1819 622 1873 τοῦ
635 1816 658 1872 ὦ
673 1814 734 1892 λέγε
747 1813 765 1887 ἢ
777 1814 820 1874 διδ
834 1816 915 1894 rodi}

119 1904 256 1984 ὥρκισεν.
267 1903 405 1962 ιΡίιοῑίιεε
414 1923 449 1979 p.
461 1902 518 1970 254
525 1944 533 1973 ‚
546 1900 681 1982 Ὁρκάιτας
696 1903 772 1982 εοθχὶ
782 1903 913 1986 όρκιστδς,

121 1995 191 2056 otti
205 1992 367 2077 δρκιομόταε,
383 1990 503 2070 λέγουσι,
525 2012 648 2067 quorum
661 1994 733 2050 illud
754 1995 832 2070 apud
854 1997 914 2052 Xe-

120 2086 307 2159 nophontem
317 2084 445 2155 aliosque
454 2082 584 2156 legitimo
593 2094 712 2137 accentu
723 2078 913 2159 θρκωτὴνεστὶ·

116 2175 217 2231 bitnr.
231 2197 245 2223 ν
259 2172 376 2228 boeck.
387 2172 509 2245 Egregie
520 2188 612 2245 nuper
623 2171 779 2226 Meinekius
787 2173 914 2229 correxit

114 2258 302 2340 Ὀρκωτὴς
315 2258 416 2335 λέγω.

493 2369 557 2444 139.

159 2486 249 2542 Idem
260 2486 339 2561 Epit.
351 2502 383 2560 p.
402 2470 458 2550 433
475 2503 482 2538 :
498 2482 580 2561 ἐχρῆν
595 2470 639 2541 οὖν
654 2479 779 2561 Κρατίνῳ
792 2481 914 2557 πειθόμε·

112 2595 161 2631 νον
175 2579 288 2652 φαγᾶς
302 2571 397 2629 εἰπεῖν.
420 2595 433 2621 ιι
453 2568 572 2627 Scilicet
592 2569 741 2626 Menandri
760 2577 915 2649 κατωφαγᾶς

112 2662 156 2718 ad
182 2663 389 2737 imperitorum
416 2659 517 2734 vulgm
540 2659 669 2733 ablegat3
697 2678 723 2713 v.
750 2659 876 2714 Lobecu.
901 2683 913 2709 ν

113 2753 143 2805 E
158 2752 209 2806 M.

494 2866 556 2924 140.

161 2973 329 3028 Priscianus
340 2971 425 3046 18,p.
437 2988 491 3041 αρε
504 2969 605 3026 Krehl.
617 2988 622 2998 ·
633 2966 918 3045 llcpo'lev‚quodest

117 3083 140 3117 α
155 3065 228 3130 loco,
253 3061 389 3118 Cratinus
399 3078 453 3133 pro
467 3063 496 3113 iu
510 3061 569 3114 loeo
580 3063 673 3132 posuit
685 3079 695 3112 .·
707 3055 759 3123 Ὃς
771 3058 818 3127 τὴν
837 3057 915 3116 πίτυν

117 3149 263 3224 ἔκαμπτεν
282 3144 365 3212 lotha
375 3143 494 3223 χαμόθεν
509 3144 592 3225 άκροις
609 3147 655 3215 τῆς
670 3144 754 3222 κόμης
767 3145 914 3206 καθέλκειν.

117 3241 231 3295 Mettus
245 3251 342 3293 tumea
356 3236 582 3311 &unguendum
595 3232 683 3311 χαμαί
697 3234 785 3303 hermi,
799 3234 916 3313 χαμόθεν

117 3330 159 3382 ab
181 3328 278 3392 hama
306 3325 412 3402 χαμᾶζε
432 3329 461 3378 in
481 3324 608 3381 humum.
632 3324 734 3378 Manca
756 3334 836 3395 sunt,
853 3342 916 3396 qua

118 3416 227 3473 helil.
245 3413 338 3470 edidit
354 3431 372 3468 e
386 3412 487 3468 codice
501 3412 666 3466 Monacensi
690 3401 833 3485 (quocum
846 3431 916 3468 con-

118 3504 254 3558 sentiunt
276 3520 294 3557 a
319 3499 407 3556 codd.
432 3501 601 3568 Leidenses,
626 3500 680 3554 nisi
703 3498 783 3572 quod
811 3499 916 3556 hahent

119 3586 249 3666 χαμάθεν
263 3598 389 3660 unoque
407 3583 492 3666 loco)
515 3588 615 3641 melius
635 3598 729 3641 tornea
747 3599 790 3641 est
813 3588 915 3644 distin·

118 3677 268 3748 gradum
281 3672 365 3740 έστώς
376 3694 383 3729 t
400 3680 486 3730 etiam
502 3675 572 3730 berre
586 3693 606 3729 o
616 3677 674 3730 loco
683 3680 819 3750 accipitur
827 3675 917 3753 χαμό-

119 3766 239 3837 θεν,σθ
256 3764 355 3822 humo.
369 3764 507 3840 scaligeri
520 3763 657 3819 collatio:
674 3764 807 3819 Cratinus
822 3762 876 3821 ὅστ’
891 3766 917 3823 έν
966 3804 973 3817 .

120 3849 231 3928 πυτίνῃ.
244 3848 330 3919 κλίνη”
346 3847 466 3926 (κάμήό
477 3854 514 3910 V.
525 3852 558 3909 C.
571 3854 580 3925 l
592 3847 701 3915 ίνεστὼς
710 3849 825 3927 χαμόθεν
837 3850 917 3931 ἄκροις

121 3942 173 4010 τῆς
192 3961 221 4001 κ.
237 3940 392 4014 καθεῖλκον,
412 3946 495 4013 quasi
517 3957 551 3995 ex
568 3937 679 4016 Πυτίνῃ.
694 3941 787 4015 Igitur
806 3943 913 3997 scriba·

121 4048 189 4085 miss

474 4138 519 4226 hc
532 4154 588 4223 τὴν
607 4152 696 4217 πίτυν

177 4262 342 4351 ἔκαμπτεν
361 4261 460 4334 έστὼς
477 4257 626 4350 χαμάθεν,
642 4256 734 4351 ἄκροις
751 4271 806 4337 τῆς
824 4265 918 4354 κόμης

175 4359 316 4460 [ἕλκων]
332 4363 506 4435 καθέλκων.

124 4498 176 4565 Ὃς
191 4501 396 4577 intelligendus
412 4511 457 4556 est
477 4497 710 4576 Pityocamptes‚
727 4515 759 4559 ut
774 4506 921 4560 annotavit

126 4591 227 4659 Ποία,
243 4591 293 4664 qui
307 4587 425 4645 addidit
439 4584 536 4660 έλκων,
554 4590 712 4646 secundum
725 4592 785 4647 haec
807 4594 919 4666 Euripi·

498 4793 558 4843 138,

128 4874 314 4933 Jummdtoo.

500 4967 557 5016 140.

279 5083 312 5093 -
327 5051 389 5124 Qui
402 5051 505 5122 pinum

120 5138 248 5196 cursabat
262 5139 347 5198 humi
358 5147 454 5205 stans,
466 5153 628 5210 tumoreque
638 5155 716 5195 coma

117 5225 241 5285 deorntm
257 5227 353 5285 traxit.

960 578 1004 634 dis
1028 599 1034 632 :
1057 574 1155 636 Λαόόιν
1176 575 1227 656 γδιρ
1246 576 1341 648 ἐλάτης
1362 576 1478 655 οὐράνιον
1493 578 1597 652 κλάδον,
1612 586 1740 660 κάιῆγεν,

957 654 1034 740 ἦγεν,
1047 654 1110 740 ἦγεν
1124 665 1158 729 ιίς
1172 664 1252 740 μέσον
1263 663 1358 735 πέδον,
1372 666 1477 722 Bacch.
1495 668 1581 725 1062.

1321 794 1384 851 141.

1002 899 1168 953 Plutarchus
1186 897 1291 954 Solone
1308 917 1333 954 c.
1355 896 1392 953 25
1416 917 1423 952 ι
1440 894 1516 976 ἰσχὺν
1538 895 1567 954 δέ
1587 897 1640 964 τοῖς
1655 898 1744 975 νόμοις

958 989 1039 1040 πᾶσιν
1054 985 1089 1049 είς
1102 982 1194 1041 ίκατὸν
1213 980 1346 1049 ἐνιαυτοὺς
1360 982 1457 1056 tiore,
1477 984 1523 1042 καί
1538 985 1743 1064 κατεγράφησαν

959 1072 995 1137 είς
1009 1069 1122 1138 ξυλίνους
1137 1069 1244 1155 ἄξονας,
1254 1072 1281 1128 έν
1295 1070 1425 1137 πλαισίοις
1437 1072 1588 1152 περιέχουσι
1601 1073 1744 1154 στρεφομέ-

959 1180 1064 1230 νους,...
1079 1157 1125 1216 καί
1138 1156 1402 1239 προσηγορεύθησαν,
1416 1162 1451 1226 άις
1465 1159 1645 1240 Ἀριστοτέλης
1661 1161 1743 1242 φησί,

959 1243 1074 1325 utpote,
1087 1245 1133 1305 καί
1148 1248 1200 1325 Κρ.
1215 1245 1330 1322 κωμικός
1341 1245 1429 1328 είρηκέ
1441 1270 1493 1307 που

1009 1363 1084 1455 Πρὸς
1100 1374 1154 1429 1·οὖ
1171 1363 1305 1441 motio(
1318 1364 1369 1430 καὶ
1386 1366 1574 1458 Δράκοντος,
1592 1363 1653 1432 οἷσι
1669 1375 1718 1431 νῦν

1010 1470 1165 1562 φρύγουσιν
1181 1461 1243 1541 ἤδη
1266 1469 1321 1547 τὰς
1337 1470 1448 1564 κάχρυς
1465 1479 1530 1547 τοῖς
1549 1466 1694 1563 κόρόεσιν.

959 1598 1049 1653 Recte
1059 1599 1219 1652 Draconem
1231 1615 1348 1670 quoque
1357 1608 1508 1667 memorat,
1521 1597 1557 1664 de
1570 1617 1628 1671 quo
1640 1598 1745 1655 Gesne-

961 1702 1010 1739 rus
1021 1685 1051 1737 in
1062 1684 1144 1742 Thes.
1156 1686 1190 1741 L.
1204 1684 1237 1740 L.
1251 1686 1292 1739 sic
1303 1683 1361 1741 lere
1376 1705 1381 1738 :
1400 1710 1412 1735 ι
1427 1686 1647 1761 Antiquissimus
1660 1688 1744 1743 Athe·

959 1773 1101 1827 niensium
1111 1773 1267 1846 legislator,
1278 1772 1358 1843 cujus
1372 1774 1446 1847 leges
1454 1774 1544 1829 Solon
1551 1785 1742 1848 praeterquam

961 1879 1024 1933 quae
1034 1860 1154 1916 decade
1164 1871 1246 1916 erant
1255 1862 1429 1929 constitutae,
1443 1861 1624 1936 abrogandas
1635 1865 1746 1917 curavit

959 1961 1082 2025 propter
1103 1950 1281 2006 severitatem
1306 1971 1313 2003 ι
1338 1969 1404 2005 nam
1422 1969 1480 2007 uua
1500 1952 1634 2007 omnihus
1658 1971 1745 2028 poena

961 2049 1022 2095 erat
1033 2039 1177 2114 imposita,
1193 2049 1227 2094 ut
1240 2040 1338 2108 etiam,
1361 2040 1411 2113 qui
1426 2038 1541 2097 desidiae
1555 2040 1681 2098 damnati
1696 2060 1745 2096 es-

960 2136 1034 2195 sent,
1056 2136 1106 2182 aut
1119 2127 1170 2199 qui
1189 2126 1268 2181 olera
1291 2127 1504 2200 surripuissent,
1526 2128 1621 2201 capite
1633 2128 1743 2202 plecte-

961 2225 1072 2274 rentur.
1094 2216 1129 2270 V.
1145 2213 1220 2273 Gell.
1248 2233 1295 2283 11,
1326 2215 1370 2272 18.
1387 2239 1399 2263 ι
1423 2214 1532 2271 Eadem
1553 2234 1570 2271 e
1591 2213 1744 2271 Plutarcho

961 2302 1050 2358 hahet
1066 2301 1156 2358 schol.
1176 2302 1321 2376 Asistoph.
1337 2302 1375 2358 ad
1389 2303 1465 2358 Nuh.
1488 2303 1556 2369 443.
1573 2301 1619 2358 Ad
1637 2304 1745 2359 Cratini

886 2385 890 2391 ’
962 2387 1068 2463 Νόμους
1077 2390 1137 2446 haee
1148 2391 1246 2446 retulit
1258 2390 1359 2464 Bergk.
1374 2388 1546 2446 Commentt.
1559 2409 1588 2465 p.
1607 2390 1673 2464 139.

1324 2518 1387 2576 14ε.

1002 2622 1083 2679 Idem
1100 2624 1207 2679 Pericle
1224 2643 1251 2683 c.
1273 2623 1307 2678 13
1324 2643 1331 2678 :
1347 2621 1377 2677 τὸ
1399 2620 1425 2679 δέ
1443 2620 1544 2699 μακρὸν
1567 2629 1667 2699 τεῖχος,
1686 2623 1746 2701 περί

961 2699 992 2767 ol
1004 2707 1149 2787 Σωκράτης
1163 2708 1275 2767 duodoni
1287 2731 1366 2788 φησιν
1383 2706 1459 2775 αὖτδς
1478 2709 1663 2785 εἰσηγουμένου
1677 2710 1745 2788 γνώ-

962 2821 1015 2874 μην
1028 2794 1201 2877 Περικλέους,
1218 2796 1388 2876 ἠργολάὸησε
1409 2797 1606 2874 Καλλικράτης·
1625 2799 1746 2877 κωμῳδεῖ

962 2883 989 2942 δὲ
1004 2883 1033 2942 τὸ
1045 2884 1119 2963 ἔργον
1133 2887 1186 2965 Κρ.
1202 2888 1237 2952 ὥς
1253 2884 1369 2966 βραδέως
1382 2885 1578 2963 περαινόμενον,

1128 3012 1228 3078 Πάλαι
1250 3010 1306 3105 γὰρ
1328 3012 1404 3076 αὐτὸ

1010 3118 1129 3211 λόγοισι
1153 3117 1278 3210 προάγει
1296 3115 1476 3209 Περικλέης,
1495 3117 1607 3209 ἔργοισι
1626 3106 1654 3180 δ’
1676 3108 1746 3182 οὐδὲ

1661 3247 1745 3288 κινει.

962 3355 1043 3417 sdem
1055 3363 1163 3436 scripto
1176 3363 1220 3418 De
1233 3363 1324 3438 gloria
1337 3362 1440 3418 Athen.
1453 3378 1485 3434 p.
1501 3357 1571 3433 351,
1585 3363 1609 3413 Α
1627 3379 1633 3412 :
1661 3357 1748 3415 καίτοι

963 3447 1008 3506 καί
1019 3452 1109 3506 τοῦτον
1121 3447 1129 3528 l
1140 3449 1294 3525 Periclem)
1306 3450 1341 3513 ὡς
1352 3445 1468 3526 βραδέως
1479 3442 1589 3503 ἀνύοντα
1600 3451 1653 3509 τοῖς
1664 3445 1747 3524 ἔργοις

963 3535 1137 3595 ἐπισκώπτων
1150 3538 1203 3614 Κρ.
1217 3534 1285 3595 οὕτω
1304 3559 1361 3602 πως
1374 3532 1444 3612 λέγει
1464 3531 1526 3612 περί
1541 3537 1587 3590 τοῦ
1610 3531 1651 3591 διδ
1664 3534 1745 3608 μέσου

963 3623 1083 3704 τείχους,
1096 3623 1204 3702 Δόγοισι
1213 3624 1273 3682 κτλ.
1290 3649 1302 3678 ι
1320 3625 1448 3682 Medium
1457 3641 1571 3679 murum
1586 3622 1745 3691 dieucum,

964 3718 1015 3788 qui
1028 3716 1103 3771 inter
1116 3716 1292 3772 Phalericum
1307 3725 1335 3771 et
1344 3714 1498 3782 Piericam,
1510 3713 1568 3768 sive
1582 3711 1745 3778 borealem,

964 3803 1167 3876 mterp'acebat3
1183 3822 1269 3877 quem
1290 3821 1405 3858 murum
1419 3801 1486 3875 quia
1506 3799 1627 3855 Pericles
1642 3798 1745 3854 identi-

964 3892 1031 3947 dem
1050 3911 1078 3948 se
1094 3891 1300 3947 aedificaturum
1319 3908 1377 3946 esse
1396 3890 1500 3945 frustra
1517 3888 1697 3961 promiserat,
1714 3905 1746 3941 ea

965 3981 1110 4037 cunctatio
1118 3990 1209 4054 poetae
1219 3978 1357 4034 irridendi
1364 3980 1419 4033 viri
1426 3977 1672 4052 opportunitatem
1679 3993 1748 4048 pra·

965 4069 1038 4123 buit.
1061 4067 1209 4135 Ceterum,
1224 4082 1260 4120 ne
1274 4066 1321 4121 cui
1337 4065 1485 4121 dissentire
1499 4081 1596 4120 secum
1610 4062 1685 4116 Plut.
1701 4063 1746 4116 vi-

965 4156 1080 4226 deatur,
1104 4156 1194 4211 altero
1209 4155 1312 4210 horum
1332 4155 1461 4209 locorum
1474 4150 1505 4209 τὸ
1527 4146 1627 4227 μακρὸν
1648 4154 1746 4224 τεῖχος,

965 4245 1056 4300 altero
1071 4254 1167 4300 autem
1179 4241 1210 4300 τδ
1225 4240 1268 4298 διδ
1283 4238 1364 4317 μέσον
1378 4242 1478 4298 eadem
1492 4242 1521 4294 in
1536 4257 1567 4294 re
1582 4238 1690 4308 dicens,
1706 4247 1746 4290 te·

965 4332 1093 4388 nendum
1103 4342 1155 4401 est,
1170 4341 1238 4389 vett.
1252 4332 1408 4403 scriptores
1419 4329 1455 4385 de
1466 4325 1576 4382 boreali
1596 4323 1747 4396 emedio,

965 4420 1026 4475 sive
1046 4420 1178 4487 australi,
1205 4435 1289 4473 muro
1309 4433 1517 4488 nonnunquam
1539 4414 1578 4468 ita
1599 4413 1695 4486 loqui,
1716 4422 1749 4466 ut

967 4507 1053 4563 ambo
1071 4524 1126 4581 pro
1148 4525 1207 4561 uno
1230 4504 1408 4560 munimento
1428 4502 1559 4558 hahuisse
1578 4501 1746 4567 videantur;

966 4592 1054 4668 idque
1074 4603 1245 4668 propterea,
1266 4601 1350 4665 puto,
1367 4591 1435 4663 quia
1452 4590 1563 4646 medius
1582 4589 1630 4645 ille
1650 4607 1749 4645 murus

1329 4799 1388 4846 ill.

967 4883 1019 4936 Per
1030 4879 1156 4936 Solonem
1170 4891 1197 4936 et
1211 4885 1379 4945 Draconem,
1392 4879 1492 4952 quihus
1504 4895 1577 4935 uunc

962 4967 1021 5038 jam
1036 4972 1139 5022 torrent
1150 4965 1282 5022 hordeum
1296 4965 1387 5038 legum
1399 4965 1499 5023 tabulis
1510 4965 1614 5037 ligneis.

1330 5060 1386 5110 143,

1004 5139 1114 5198 Dudum
1124 5142 1198 5197 eninr
1208 5158 1318 5198 murum
1331 5142 1410 5199 illum

965 5228 1054 5284 verbis
1068 5238 1207 5301 promovet
1221 5230 1352 5295 Pericles,
1368 5247 1396 5286 re
1411 5246 1464 5285 nou
1480 5227 1726 5285 urorettautillum.
