3917 5950
834 503 1034 609 atropatus.

121 656 185 695 mara
202 638 303 695 Knhn.
315 637 393 693 hunc
413 655 526 692 versum
546 636 629 693 alteri
649 637 847 694 interlocutori
868 601 925 694 at-⁴

122 727 235 785 tribuit.
470 771 473 778 ,

304 830 357 887 EX
378 829 549 887 lucanus
570 830 737 889 FABULIS.

508 962 533 999 ι.

163 1053 293 1110 Stobaeue
303 1053 383 1111 Flor.
395 1071 425 1123 a,
437 1071 467 1123 a,
479 1071 546 1109 cum
556 1055 688 1111 lemmate
700 1049 824 1122 Ἀξινίκου
835 1051 912 1130 (aio).

173 1161 259 1237 ὅταν
273 1161 395 1261 δανιίζη
413 1192 460 1245 τις
477 1175 595 1259 πονηρῷ
611 1170 758 1260 χρήματα

174 1276 267 1366 ἀνὴρ,
286 1266 412 1350 δικαίως
425 1270 492 1339 ἀντὶ
505 1281 564 1339 τῶν
577 1273 673 1341 τόκων
689 1274 753 1365 ἔχει

172 1382 282 1457 λύπας.

127 1534 141 1560 τ
158 1512 248 1567 Versu
265 1527 283 1565 a
296 1507 446 1583 legebatur
458 1504 541 1585 ἀνὴρ,
558 1503 663 1573 δικαίως
678 1506 765 1565 αὖτῶν
780 1503 824 1564 τόν
837 1504 913 1565 τόκον

122 1592 210 1663 λύπας
221 1593 286 1674 ίχιι.
301 1597 417 1654 Grotius

164 1705 232 1788 ἀνὴρ
245 1704 352 1774 δικαίως
365 1703 411 1766 τόν
424 1703 501 1765 τόκον
514 1702 602 1771 λύπας
611 1702 688 1784 ίχιι,

123 1823 208 1898 quod
221 1805 331 1897 recepit
347 1821 490 1880 Gaist‘ord.
507 1822 578 1877 Mihi
590 1822 691 1895 potior
708 1821 767 1877 visa
780 1833 823 1878 eat
835 1822 914 1879 Mar·

124 1911 200 1969 ciani
206 1910 313 1969 codicia
321 1911 461 1987 scriptura
471 1909 550 1986 apud
560 1928 626 1968 eum
635 1908 714 1985 μιαί.
725 1910 830 1968 Stobaei
840 1930 871 1986 p.
885 1911 914 1983 6,

124 2018 213 2074 quam
226 2010 316 2057 totam
331 2001 550 2075 repraesentavi,
569 1999 625 2056 uisi
645 2000 726 2073 quod
745 2000 844 2075 acripai
858 1996 914 2077 ίχιι

123 2085 210 2153 λύπας
220 2107 276 2163 pro
287 2084 374 2154 λύπας
387 2084 454 2166 ίχιι.
473 2091 601 2146 Fortasse
615 2098 710 2145 tamen
722 2106 839 2164 proram
849 2088 914 2144 inu-

123 2176 176 2233 tile
186 2175 260 2233 iliud
273 2172 339 2254 ανλρ
353 2174 525 2248 delendum,
536 2194 690 2250 versusque
703 2178 743 2232 ita
749 2175 915 2233 scribendam

123 2273 168 2320 est

165 2371 278 2447 δίκαιος,
292 2372 351 2433 int
362 2374 414 2433 τύίν
429 2370 512 2432 τόκων
524 2370 609 2440 λύπας
622 2372 695 2454 ίχιι,

123 2507 185 2547 srvc

167 2594 264 2664 δίκαιός
276 2596 332 2656 ἔστι
343 2594 387 2656 τδν
400 2595 476 2656 τόκον
490 2595 576 2664 λύπας
586 2571 664 2677 ἔχων.
679 2621 692 2650 ν

123 2713 151 2766 E
161 2713 205 2770 M.
218 2712 318 2781 Μίτυν,
330 2711 399 2767 talia
412 2711 510 2767 conari
523 2711 602 2768 viroa
612 2711 789 2790 doctissimos
801 2712 914 2787 cognita

123 2799 268 2875 scriptura
280 2798 350 2854 boni
369 2796 477 2854 codicia
485 2815 545 2853 nou
561 2798 811 2874 reprehendenda,
825 2817 914 2872 quum

123 2904 228 2961 parum
246 2887 313 2942 utile
327 2887 364 2941 ait
374 2882 473 2950 δίκαιος
488 2902 496 2944 t
516 2902 583 2941 nam
596 2886 667 2961 quid
678 2888 795 2956 attinet,
807 2893 914 2959 justum

124 2977 220 3030 virum
239 2993 298 3031 coac
316 2985 373 3031 tam
394 2974 468 3031 maie
482 2973 649 3031 credulum?
670 2976 718 3034 sed
735 2981 815 3047 jaste
827 2976 915 3051 plecti

124 3064 234 3121 dicitur
244 3064 280 3120 de
293 3063 489 3140 incogitantia.

513 3177 541 3215 a.

166 3270 263 3346 Etym.
278 3271 320 3330 Μ.
335 3290 366 3347 p.
377 3268 447 3347 775,
460 3268 641 3333 δοτὛῖκδν
653 3270 756 3351 δίρμα
772 3272 823 3351 ούχ
837 3269 916 3351 ιύρη·

124 3379 170 3415 ται
184 3358 211 3415 δν
231 3354 344 3436 χρήσω,
359 3358 382 3416 ci
402 3355 440 3432 μὴ
456 3356 530 3436 παρδ
553 3357 704 3439 Ἀξιονίκιρ·
727 3357 850 3418 οδδίποτι
863 3358 916 3440 γδρ

122 3442 190 3513 λίξις
202 3443 368 3523 σημαίνουσα
378 3443 455 3525 μίρος
466 3444 588 3525 σώματος
600 3445 656 3529 ίχιι
670 3448 706 3515 τίς
716 3469 762 3508 κον
775 3446 914 3521 κτητικδν,

123 3534 194 3592 δλλδ
215 3533 261 3594 διδ
281 3539 398 3615 καθαροῦ
417 3539 463 3594 τοῦ
484 3558 523 3599 ον.
545 3538 575 3595 οὐ
598 3535 651 3616 γδρ
664 3536 776 3614 λίγομιν
798 3535 916 3616 χοιρικδν

122 3619 221 3701 rapiar,
237 3621 308 3680 δλλδ
320 3621 441 3703 χοίριιον.
465 3648 479 3675 ν
498 3625 606 3682 Eadem
619 3626 769 3683 Philemon
788 3626 914 3684 Gratum.

121 3728 152 3786 p.
174 3728 230 3781 17²
245 3710 294 3768 ed.
309 3711 426 3770 Οοαιιιιί.
441 3712 550 3769 »EM

480 3946 557 4009 ux.

359 4079 677 4150 CALLICRATES.

162 4214 258 4271 Semel
278 4215 326 4271 hic
349 4227 436 4290 poeta
457 4227 634 4275 memoratur
651 4235 699 4291 ap.
725 4216 829 4274 Athen.
856 4215 908 4283 13,

122 4320 154 4375 p.
170 4300 246 4373 586,
260 4304 305 4373 Α,
325 4302 363 4361 do
382 4305 489 4381 Sinope
507 4306 673 4378 meretrice,
690 4314 760 4360 nota
778 4305 862 4361 etiam
880 4321 915 4359 ex

125 4391 320 4447 Demosthene
332 4408 340 4450 ι
359 4389 515 4468 μνημονιύιι
527 4392 551 4449 δ’
563 4393 643 4463 αὐτῆς
651 4388 804 4469 Ἀντιφάνης
815 4390 843 4447 δν
857 4387 915 4468 Ἀρ·

125 4475 188 4532 κύδι
199 4474 246 4534 καὶ
261 4476 289 4534 δν
302 4477 455 4558 Κηπουρῷ,
467 4481 495 4536 δν
512 4477 666 4557 Ἀκιστρίιρ,
683 4477 710 4534 ίν
728 4476 913 4555 Ἀλιιυομίνη,

123 4563 151 4619 δν
166 4561 307 4639 Νεοττίδι,
319 4561 476 4633 καλἈλιξις
496 4567 524 4623 δν
543 4563 740 4644 Κλαυδουλίνη,
759 4563 806 4622 καί
828 4562 917 4624 Κοίλ-

124 4644 288 4729 λικριίτηξ
308 4652 336 4709 ir
358 4652 546 4731 Μοσχίωνι,
567 4653 604 4710 de
622 4653 755 4728 quotide
768 4654 800 4709 in
814 4661 914 4709 annot.

124 4740 259 4796 Axionici
276 4740 431 4817 Phileurip.
443 4741 478 4802 fr.
497 4760 523 4811 1,
536 4760 565 4801 ν.
585 4740 630 4798 13.

317 4983 371 5039 EX
388 4983 553 5041 lucanus
572 4983 735 5040 FABULIS.

506 5073 532 5124 1.

124 5154 153 5210 Si
164 5154 227 5227 quia
241 5154 284 5211 vir
294 5168 379 5228 pravo
392 5153 499 5213 homiui
510 5164 638 5216 mutuum
647 5155 694 5214 dat
704 5160 847 5228 argeutum

126 5241 225 5299 merito
240 5257 293 5316 pro
303 5241 412 5301 foeuore
425 5242 509 5302 habet

125 5342 267 5386 maerores.

1239 633 1469 801 ...aian

1000 896 1013 924 a
1028 875 1072 929 De
1091 872 1147 927 hoc
1163 869 1290 927 Eudocia
1301 888 1332 944 p.
1354 867 1429 925 166:
1447 862 1605 941 Ἐπιγένης,
1617 864 1743 941 κωμικός.

960 956 1068 1038 piperni
1097 958 1177 1017 αὐτοῦ
1198 956 1321 1036 δράματα
1343 950 1479 1035 Ἦρωίνη,
1504 952 1550 1011 καί
1571 952 1744 1026 Μνημοίτιον,

960 1043 1006 1101 καί
1030 1047 1161 1124 Βακχιῑα.
1184 1041 1240 1102 ίστι
1259 1042 1287 1102 δί
1307 1044 1359 1101 τῶν
1383 1039 1576 1121 ἀρχαιοτάτων.
1593 1043 1745 1099 Enimvero

960 1133 1111 1190 confundit
1130 1132 1272 1203 Ειιδοοία,
1286 1127 1463 1207 quodetiam
1483 1130 1618 1189 Fabricio
1630 1128 1744 1199 accidit,

960 1223 1119 1297 Epigenem
1137 1222 1280 1278 comicum
1302 1239 1368 1277 cum
1387 1221 1516 1295 Epigene
1539 1219 1648 1293 tragico
1674 1219 1747 1273 anti·

960 1310 1111 1383 quinimo,
1136 1308 1173 1364 de
1196 1326 1255 1382 quo
1277 1310 1435 1366 Hermann.
1458 1305 1497 1362 ad
1520 1305 1639 1363 Aristot.
1660 1301 1743 1361 Poet.

960 1415 991 1471 p.
1011 1395 1255 1466 104‚etJacobua
1267 1397 1373 1469 Queat.
1387 1395 1479 1470 Soph.
1498 1411 1524 1463 1,
1540 1412 1572 1468 p.
1594 1398 1643 1455 ια.
1656 1394 1746 1448 Recte

960 1483 1048 1556 igitur
1059 1481 1160 1538 Suidaa
1169 1482 1264 1538 omisit
1277 1482 1365 1537 verba
1379 1478 1536 1557 ίστι...δρχ.
1548 1480 1653 1535 Contra
1664 1497 1746 1534 novae

963 1568 1112 1625 comoediae
1130 1581 1246 1643 poetam
1263 1570 1417 1645 Epigenem
1431 1569 1501 1625 dicit
1516 1569 1619 1624 Poilux
1638 1586 1667 1638 7,
1683 1584 1744 1642 ²9²

960 1656 1013 1713 τῶν
1024 1653 1052 1713 δὲ
1060 1655 1125 1712 νέων
1137 1678 1176 1721 τις
1186 1657 1311 1732 κωμικῶν
1321 1654 1473 1731 Ἐπιγένης.
1484 1656 1541 1712 Sed
1554 1656 1621 1711 huic
1631 1657 1743 1729 quomi-

960 1765 1015 1803 nus
1028 1745 1115 1807 fidem
1128 1747 1298 1820 habeamus,
1315 1746 1372 1806 duo
1390 1755 1556 1824 argumenta
1572 1744 1745 1821 prohibent,

961 1852 1086 1913 quorum
1096 1838 1217 1894 alterum
1230 1838 1287 1892 hoc
1304 1847 1362 1907 eat,
1383 1836 1462 1909 quod
1477 1835 1514 1892 de
1528 1831 1661 1913 Ἀργυρίου
1673 1836 1746 1911 ἀρα-

960 1926 1047 2002 νισμῷ
1068 1925 1229 1982 dubitatum
1246 1935 1288 1981 ost
1305 1925 1380 1981 inter
1396 1933 1521 1993 veteres,
1546 1933 1642 1978 utrum
1664 1923 1745 1978 Anti·

959 2013 1047 2089 phani
1057 2032 1093 2068 an
1102 2012 1223 2088 Epigeni
1234 2011 1382 2068 tribuenda
1389 2023 1461 2068 esset
1469 2011 1586 2082 (Athen.
1595 2029 1625 2087 9,
1635 2029 1667 2085 p.
1677 2017 1745 2086 409,

960 2100 1014 2170 D),
1030 2099 1111 2173 quod
1132 2097 1193 2156 ficri
1214 2118 1273 2155 uon
1284 2100 1439 2173 potuisset,
1455 2100 1507 2154 uisi
1520 2097 1645 2170 ejusdem
1659 2099 1746 2154 aetatia

960 2184 1163 2255 fnisaeut3tum
1174 2186 1234 2258 ipse
1248 2185 1297 2259 Ep.
1312 2184 1342 2239 iu
1357 2179 1507 2260 Μνηματίῳ
1517 2182 1675 2257 αμδδναιι.
1694 2200 1744 2254 11,

959 2294 992 2351 p.
1008 2281 1078 2348 δρα,
1091 2275 1124 2342 F,
1139 2271 1324 2344 Pixodarum,
1336 2273 1423 2330 Cariae
1436 2273 1607 2349 principem,
1620 2290 1745 2330 comme·

960 2373 1070 2430 morat,
1088 2363 1155 2437 qui,
1176 2360 1345 2418 Hecatomui
1366 2357 1491 2416 filiorum
1511 2367 1581 2413 natu
1603 2358 1745 2426 minimus,

959 2461 1113 2527 postquam
1131 2448 1223 2506 adam
1234 2465 1380 2517 sororem,
1393 2445 1514 2505 Hidrieo
1528 2444 1609 2500 fratri
1625 2453 1745 2518 nuptam

961 2548 990 2595 et
1003 2547 1068 2613 post
1081 2555 1147 2593 eum
1168 2546 1350 2611 regnantem,
1370 2535 1534 2608 expulerat,
1550 2535 1609 2609 ipse
1623 2534 1745 2608 imperio

959 2627 1069 2702 potitus
1087 2635 1129 2681 est
1149 2625 1258 2700 olymp.
1281 2641 1349 2699 109,
1366 2629 1382 2690 l,
1399 2621 1478 2701 (aute
1492 2622 1561 2679 chr.
1578 2631 1637 2678 nat.
1658 2619 1744 2696 δύο),

961 2725 1030 2770 teste
1039 2712 1170 2769 Diodoro
1182 2713 1238 2768 Sic.
1254 2711 1301 2780 16,
1316 2718 1363 2781 74.
1377 2713 1440 2767 Jam
1454 2710 1502 2765 hic
1517 2727 1606 2783 quum
1615 2706 1746 2763 Pixoda-

960 2818 1025 2855 rum
1037 2802 1165 2873 quinqrm
1175 2817 1264 2856 annos
1275 2808 1404 2873 regnasse
1415 2795 1502 2864 dicat,
1513 2807 1546 2851 ut
1555 2796 1661 2869 olymp.
1678 2813 1745 2869 ιιι,

965 2907 977 2944 1
996 2884 1080 2966 (ante
1094 2888 1161 2946 Chr.
1177 2898 1236 2948 uat.
1254 2884 1325 2962 335)
1340 2886 1455 2958 obierit,
1477 2885 1617 2959 Epigenes
1628 2901 1692 2942 earu
1703 2882 1745 2937 sa·

960 2977 1060 3033 hulam
1070 2987 1136 3053 post
1156 2976 1188 3032 id
1206 2985 1315 3051 tempus
1327 2974 1431 3032 docere
1449 2983 1510 3029 'nou
1526 2972 1633 3048 potuit.
1650 2970 1745 3043 Quare

961 3065 1054 3120 uirum
1066 3063 1167 3120 media
1182 3064 1276 3137 poetis
1292 3062 1438 3121 comoediae
1455 3077 1604 3118 accensere
1616 3078 1677 3115 non
1687 3059 1744 3115 du-

961 3151 1124 3210 bitavimus.
1138 3150 1188 3206 »E
1199 3150 1243 3211 M.

1101 3275 1126 3332 1.
1148 3270 1338 3331 ΛΡΓΥΡΙΟΥ
1363 3268 1603 3330 ΑΦἈΝΙΣΜΟΣ.

1001 3386 1074 3443 Vide
1103 3386 1270 3462 Antiphanis
1298 3385 1487 3463 fragmentum
1510 3382 1611 3441 fabular
1637 3399 1743 3459 cogno·

960 3475 1055 3532 minis.

1235 3555 1274 3614 ll.
1295 3552 1476 3614 ΒΑΚΧῙΑΣ.

1001 3667 1122 3744 «Apud
1146 3666 1251 3723 Athen.
1285 3684 1332 3736 ιι,
1354 3685 1385 3742 p.
1410 3663 1468 3740 498
1485 3665 1521 3736 E,
1543 3661 1612 3719 libri
1629 3655 1745 3738 Βακχίρ.

961 3755 1122 3830 Schweigh.
1142 3750 1282 3831 Βακχιία,
1299 3771 1363 3829 qraae
1382 3750 1500 3823 Bentleii
1518 3749 1683 3821 conjectura
1703 3758 1748 3805 eat

960 3861 1017 3918 pro
1029 3838 1169 3920 Βραγχίρ,
1185 3840 1265 3914 quod
1277 3840 1423 3916 legebatur
1433 3856 1479 3912 ap.
1489 3837 1595 3894 Athen.
1612 3835 1640 3910 3,
1652 3854 1681 3909 p.
1695 3832 1744 3905 75,

963 3930 995 3990 C.
1010 3926 1127 4007 Βάκχαις
1141 3928 1265 3985 habetur
1277 3928 1384 3986 Athen.
1396 3945 1426 4001 9,
1440 3945 1472 4001 p.
1486 3925 1556 3994 384,
1571 3926 1606 3983 Α.
1622 3922 1743 3998 Βακχιῖα

963 4025 1191 4072 commemorant
1210 4014 1312 4072 Suidas
1335 4024 1366 4070 et
1386 4012 1523 4069 Eudocia.
1550 4006 1669 4086 Βακχίας
1690 4008 1744 4063 τίτί

963 4122 1070 4160 nomeu
1088 4102 1173 4160 fluisse
1193 4113 1304 4160 constat
1323 4118 1332 4160 t
1348 4101 1386 4158 ad
1407 4102 1481 4157 hanc
1507 4100 1596 4173 igitur
1615 4111 1746 4152 norman

962 4191 1089 4253 Athenaei
1102 4191 1160 4247 ioci
1178 4190 1340 4266 corrigendi
1352 4182 1411 4246 ease
1423 4187 1566 4245 videntur.
1584 4208 1597 4235 a
1613 4185 1638 4239 B
1649 4183 1692 4241 M.

1001 4396 1104 4455 Athen.
1119 4395 1148 4467 3,
1163 4414 1195 4472 p.
1212 4394 1266 4473 75,
1281 4397 1303 4453 C
1326 4416 1333 4450 :
1355 4391 1519 4474 χιλιδονιίων
1533 4390 1561 4451 δὲ
1576 4390 1662 4450 σύκων
1677 4415 1744 4468 μνη·

962 4480 1065 4561 μονιύτι
1076 4481 1140 4543 Ἐπ.
1156 4483 1184 4539 ίν
1197 4480 1319 4562 Βραγχίιρ
1331 4482 1415 4561 (aie),

1059 4627 1108 4639 —-
1122 4573 1193 4656 Εἶτ’
1206 4588 1329 4680 ἔρχεται

1012 4687 1205 4785 χελιδονείων
1221 4699 1287 4784 μετ’
1309 4690 1412 4784 ὀλίγον
1426 4684 1564 4781 σκληρῶν
1578 4682 1666 4782 ἁδρὸς
1736 4692 1737 4695 ’

1013 4799 1199 4876 πινακίσκος.

1259 4977 1448 5034 uaccfflas.

998 5180 1034 5193 -
1045 5152 1118 5207 Tum
1129 5148 1205 5206 brevi
1223 5154 1284 5222 poat
1297 5071 1372 5207 νοόίι

963 5235 1181 5295 chelidoniamm
1196 5234 1298 5293 acuum
1311 5233 1442 5294 durarum
1454 5249 1545 5293 crassa

964 5324 1063 5397 patina.
