3917 5950
766 474 869 536 Nico
892 473 1095 536 Nicotaus,
1677 486 1734 538 715

194 612 228 675 οὐ
243 602 405 701 δυνάμενος
421 602 456 674 δὲ
466 618 508 701 τῇ
524 609 618 701 τέχνη
634 610 765 702 χρῆσθαι
782 617 903 695 καλῶς,
955 609 1001 678 25
1027 602 1081 676 διὰ
1097 610 1166 686 τοὺς
1185 601 1315 686 ἀναιδῶς
1334 611 1502 705 τάλλότρια
1517 615 1722 706 μασωμένους.

197 714 369 781 ἀκόλαστον
378 717 449 808 ἔσχε
463 722 625 808 γλῶσσαν,
643 711 711 799 εἶτ’,
727 715 857 801 ἀκουσίῳ
1029 720 1061 802 β.
1082 719 1127 782 Οὐ
1154 716 1267 793 παντὸς
1283 708 1389 807 ἀνδρὸς
1405 718 1455 783 ἐπὶ
1468 715 1619 811 τράπεζάν
1643 720 1703 786 ἐσθ’
1722 724 1739 785 ό

146 813 168 886 5
195 815 277 909 δίψει
290 823 480 912 περιπεσὼν,
498 812 652 913 δυναμένῳ
665 823 772 913 λοιμὸν
795 828 905 906 ποιεῖν,
1633 832 1736 904 πλοῖς·

195 927 257 994 ἀπὸ
273 938 330 1005 τῆς
351 923 500 1021 τραπέζης
514 921 655 1006 ἐξαπίνης
671 925 872 1020 ἀπεστράφη,
1027 925 1157 1019 πλευρὰν
1175 929 1254 1018 ἔχειν
1272 931 1441 1019 πρώτιστον
1459 931 1576 997 εύτονόν
1598 957 1630 998 σε
1645 925 1713 1017 δεῖ,

196 1030 281 1125 άφνω
293 1029 328 1100 δὲ
344 1035 473 1128 πληγεὶς
489 1035 529 1112 εἰς
547 1038 637 1125 μέσην
652 1040 708 1110 τὴν
723 1038 856 1129 γαστέρα
1027 1033 1189 1125 πρόσωπον
1200 1034 1326 1126 ἰταμὸν,
1340 1043 1450 1128 χρῶμα
1461 1027 1619 1127 διαμένον,
1633 1037 1741 1131 γνάθον

195 1134 297 1217 ἔδοξεν
311 1145 395 1228 αὐτῷ
408 1143 561 1235 γεγονέναι
578 1137 661 1208 τάνω
677 1141 783 1227 κάτω,
869 1213 870 1216 ¹
1008 1136 1210 1231 ἀκάματον,
1240 1140 1322 1218 εὐθὺς
1349 1132 1518 1233 δυναμένην
1543 1139 1665 1236 πληγὰς
1692 1146 1741 1234 φέ·

196 1246 323 1313 Σίπυλον
346 1273 381 1313 τε
395 1258 500 1313 τοῦτον
517 1247 740 1339 ἀνατετράφθαι
762 1247 813 1313 τὸν
835 1245 907 1337 τρό-
1667 1271 1736 1340 ρειν.

327 1428 329 1432 ¹
839 1376 907 1417 πον·
956 1346 1002 1418 30
1028 1349 1174 1441 Στοιχεῖα
1191 1353 1244 1443 μὲν
1260 1357 1348 1419 ταῦτ’
1364 1353 1428 1419 ἐστὶ
1443 1361 1498 1429 τῆς
1512 1353 1584 1431 ὅλης
1600 1353 1719 1443 τέχνης·

127 1478 172 1525 ιο
197 1457 248 1524 καὶ
261 1456 348 1549 μάλα
359 1447 497 1535 δικαίως·
517 1450 604 1548 Φρὺξ
616 1455 673 1551 γὰρ
682 1455 723 1522 ὧν
738 1460 795 1550 οὐχ
809 1457 909 1535 ἱκανὸς
1029 1457 1139 1523 ἔπειτα
1152 1448 1205 1523 δεῖ
1222 1458 1435 1548 σκωπτόμενον
1456 1461 1501 1549 ἐφ’
1519 1463 1617 1545 ἑαυτῷ
1630 1463 1739 1551 γελάν·

872 1554 909 1628 ἦν
1029 1562 1155 1653 αἰσχρὸν
1169 1558 1227 1655 γὰρ
1239 1557 1326 1652 οἶμαι
1338 1557 1444 1631 δοῖλον
1458 1560 1533 1630 εἶναι
1543 1567 1739 1656 σκώμματος.

197 1665 254 1734 την
267 1668 320 1726 τοῦ
328 1663 486 1753 τρέφοντος
501 1659 531 1727 εὖ
546 1662 646 1753 φέρειν
660 1660 856 1752 παμπησίαν.
1030 1665 1097 1733 ἀπὸ
1119 1677 1180 1732 τῶν
1206 1671 1282 1733 ε’τῶν
1303 1672 1426 1737 κλέπτει
1448 1696 1515 1755 τις,
1541 1668 1560 1743 ἢ
1588 1670 1646 1736 καῖ
1666 1671 1745 1755 βλά·

200 1763 259 1831 Διά
273 1759 312 1840 δὴ
327 1767 470 1839 τοιαύτην
481 1775 639 1844 παντελῶς
652 1761 798 1856 καχεξίαν
1611 1801 1740 1864 πτεται,

199 1874 229 1936 ἐν
245 1879 308 1948 τοῖς
325 1869 418 1956 βίοις,
432 1869 514 1964 παράι
528 1878 620 1939 πᾶσιν
638 1868 848 1963 ἐζηλωμένην,
1030 1877 1123 1944 θέλων
1139 1877 1232 1955 καλὸς
1242 1875 1316 1944 εἶναι
1329 1930 1339 1967 ,
1350 1880 1401 1947 καὶ
1417 1879 1488 1972 παρ’
1504 1878 1625 1954 ἡλικίαν
1642 1890 1734 1950 νοσεῖ·
1838 1958 1843 1968 ‚

199 1987 310 2070 πικρῶς
324 1966 488 2055 ἐπιπλῆξαι
505 1975 641 2071 βούλομ’,
658 1973 765 2070 ἄνπερ,
782 1981 815 2052 νὴ
833 1977 908 2064 Δία,
958 1976 1003 2051 35
1030 1983 1119 2049 ἔσται
1131 1975 1312 2074 Γανυμήδης
1327 1984 1409 2064 οὗτος
1426 1986 1652 2077 ἀποθεούμινος

128 2082 172 2152 ι5
198 2081 363 2176 παρρησίαν
378 2109 429 2175 μοι
443 2075 545 2169 δῶτε,
561 2085 632 2161 τοὺς
648 2080 839 2176 ἀσυμύόλους
1029 2089 1101 2181 πρὸς
1114 2088 1201 2181 χάριν
1212 2093 1314 2180 ὁμιλεῖ
1324 2103 1378 2159 τοῦ
1390 2095 1547 2185 τρέφοντος
1563 2089 1609 2159 ἀπ’
1619 2095 1742 2186 ὀλέθρῳ.

197 2189 367 2281 τάλλότρια
381 2181 512 2255 δειπνεῖν
528 2192 683 2283 ἑλομένους
700 2187 768 2255 οἷνευ
784 2189 883 2256 πόνου.
1030 2192 1268 2286 παρατάττεταί
1281 2221 1349 2283 τις,
1378 2197 1430 2264 καὶ
1455 2205 1538 2265 ποιεῖ
1556 2197 1674 2276 πάντας
1695 2195 1757 2265 ve?

93 2367 95 2369 ,
197 2293 238 2361 Τί
250 2292 307 2388 γάρ
321 2296 442 2386 μαθὼν,
466 2290 706 2388 άνθρωπε,πρὸς
727 2304 789 2362 τῶν
803 2287 911 2388 δαιμό-
1635 2306 1741 2395 κροὺς,

842 2428 910 2490 νων,
1031 2398 1154 2489 δείπνῳ·
1167 2416 1268 2500 σιωπῇ
1282 2417 1390 2474 τοῦτον
1405 2407 1647 2501 ὑπομυκτηρίοας

201 2507 301 2589 βούλει
313 2511 496 2594 παρασιτεῖν
512 2507 548 2573 ἔκ
561 2514 597 2574 τε
610 2514 672 2573 τῶν
687 2507 716 2571 ἐν
730 2514 775 2591 τῷ
793 2506 849 2591 βίῳ
1031 2510 1071 2588 εἰς
1079 2515 1136 2585 τὴν
1152 2507 1304 2604 τράπεζαν
1317 2509 1370 2580 καὶ
1386 2515 1422 2581 σὺ
1438 2519 1492 2591 τὴν
1504 2520 1599 2607 χολὴν
1613 2512 1693 2606 ἄφες.

199 2604 344 2697 Elimiam
358 2607 450 2677 εἷπον·
463 2608 549 2690 ἀξιον
566 2609 624 2705 γάρ
640 2605 763 2679 εἰδέναι·
958 2612 1006 2694 [po
1031 2608 1133 2704 Οἶμαι
1145 2607 1176 2681 δ’
1188 2617 1318 2708 ἐμαυτὸν
1334 2618 1450 2686 εὔθετον
1463 2629 1510 2707 τῷ
1525 2618 1706 2714 πράγματι,

125 2739 173 2783 20
200 2714 279 2794 τίνος
295 2717 432 2809 μαθητὴς
448 2719 596 2810 γέγονας,
615 2720 728 2810 αἵρεσιν
745 2719 815 2786 τίνα
868 2811 870 2819 Ι
1033 2712 1159 2804 παῖδες,
1193 2725 1360 2815 γεγονέναι·
1388 2722 1491 2791 πάντα
1519 2722 1577 2818 γὰρ
1604 2723 1746 2817 πρόσεστί

199 2819 321 2911 ζηλοῖςρ
339 2823 402 2890 ἀπό
417 2825 510 2890 τίνων
527 2818 697 2918 ’δογμάτων
719 2828 887 2916 ὁρμώμενος
1672 2857 1742 2922 μοι,

200 2934 318 3021 τολμᾷς
347 2936 538 3021 παρασιτεῖν,
568 2930 590 3025 ό
617 2932 705 3023 μολις
726 2935 834 3022 ἡμεῖς,
859 2930 912 2997 τὸν
1031 2934 1087 2997 ὅσα
1100 2957 1154 3024 περ
1164 2933 1244 3023 ἔχειν
1252 2932 1424 3027 τάλλότρια
1432 2935 1484 3002 τὸν
1493 2929 1674 3003 δειπνοῦντα
1683 2934 1746 3018 δεῖ,

848 3037 911 3121 βίον
1030 3037 1135 3127 λιμὸς,
1151 3037 1292 3126 ἀπόνοια,
1306 3039 1424 3131 τολμα,
1439 3044 1572 3133 γαστὴρ,
1588 3039 1692 3135 ἀργία.

201 3138 325 3205 ἅπαντα
337 3138 599 3233 κατατρίψαντες,
612 3134 742 3209 ούδὲνῖν
760 3142 808 3208 ἔτι
1037 3142 1104 3208 Καὶ
1119 3153 1168 3209 νῦν
1184 3150 1216 3234 μ’
1232 3149 1248 3210 ὁ
1263 3136 1371 3211 Λυδῶν
1385 3153 1447 3213 τῶν
1461 3148 1659 3237 πολυχρύσων
1671 3141 1748 3229 ἀναξ
1816 3187 1831 3217 ι,
1938 3166 1939 3173 ’

205 3245 394 3339 ἀνεῳγμένην
407 3241 559 3337 δυνάμεθα
567 3250 627 3321 τὴν
641 3247 729 3338 θύραν
747 3238 824 3313 ἰδεῖν
959 3241 1005 3328 45
1033 3242 1205 3314 σύνδειπνον
1219 3254 1301 3334 αὐτῷ
1317 3251 1450 3342 κέκρικεν
1468 3246 1544 3316 εἶναι
1559 3240 1617 3317 καῖ
1625 3251 1726 3343 φίλον.

182 3469 240 3518 arte
252 3470 343 3519 eutem
357 3479 415 3520 non
426 3463 496 3521 bene
506 3465 547 3520 uti
559 3464 647 3521 selene
959 3469 993 3520 25
1013 3470 1121 3535 propter
1131 3479 1194 3539 eos,
1207 3464 1254 3536 qui
1271 3463 1443 3536 impudenter
1460 3464 1555 3522 alienis
1568 3472 1723 3521 vescuntur.

181 3548 361 3620 impotentem
371 3551 591 3623 hebuitliuguam
600 3571 608 3619 l
617 3551 913 3621 deinde,iuvolunlarie
1013 3549 1041 3605 b.
1054 3551 1116 3605 Non
1129 3550 1248 3621 cujusvis
1260 3549 1310 3606 viri
1323 3557 1365 3606 est
1379 3550 1516 3622 navigatio
1528 3548 1562 3607 ed
1574 3564 1709 3607 mensam.

142 3640 162 3689 5
181 3636 226 3690 siti
240 3634 369 3699 alleetm,
382 3653 445 3709 quae
455 3647 558 3710 pestem
570 3638 679 3696 efficere
689 3647 791 3713 potest,
1011 3635 1141 3706 Inprimis
1153 3635 1226 3692 latus
1238 3635 1349 3692 lirmum
1360 3643 1389 3692 te
1398 3635 1498 3692 babere
1509 3642 1633 3708 oportet,

112 3750 133 3786 0
183 3720 302 3778 subitoa
317 3739 410 3779 mensa
422 3733 546 3781 remotus
558 3765 567 3792 ,
579 3732 607 3781 et
1012 3721 1117 3778 vultum
1130 3722 1279 3787 audacem,
1294 3722 1413 3779 colorem
1424 3720 1637 3791 immutabilem,
1649 3722 1743 3778 maxil-

182 3807 382 3864 ietusmedium
397 3808 575 3878 inventrem,
683 3832 686 3837 ⁴
1674 3807 1746 3877 [lam
1852 3795 1859 3809 ⁸

182 3910 301 3968 superna
315 3894 422 3952 inferna
437 3897 488 3952 eibi
501 3898 559 3954 lieri
575 3896 702 3969 putabat,
1013 3875 1195 3947 indefessfflffla
1211 3894 1274 3952 (ll¹ae
1284 3878 1389 3936 Subills
1406 3877 1586 3952 illabi—lstim-

182 3990 211 4039 οη
224 3982 347 4054 Sipylum
359 3998 389 4038 θη
399 3979 436 4039 (10
445 3999 526 4039 causa
537 4000 663 4039 ,versum
677 3999 751 4049 esse,
960 3969 995 4020 to
1016 3965 1156 4021 Elementa
1168 3964 1228 4022 baeo
1244 3963 1356 4037 quidem
1369 3970 1435 4021 suot
1448 3966 1534 4021 totius
1544 3964 1610 4020 artis
1626 3984 1633 4019 ι

127 4077 162 4126 to
183 4068 376 4125 meritissimo:
389 4068 477 4140 Phryx
491 4070 565 4126 enim
576 4086 662 4142 quom
674 4078 759 4138 εεεει,
1013 4053 1115 4112 deinde
1126 4067 1196 4125 opus
1206 4056 1264 4119 est,
1275 4058 1307 4106 ut
1316 4049 1435 4107 ludibrio
1449 4049 1559 4107 babitus
1572 4057 1600 4106 te
1614 4048 1743 4121 ipeeirri·

182 4155 354 4228 opulentiam
364 4155 508 4211 nutritoris
520 4156 653 4229 patienter
666 4155 736 4212 ferre
748 4172 804 4211 non
815 4156 912 4228 patruit.
1015 4151 1095 4216 turpe
1110 4141 1182 4198 euim
1192 4154 1301 4235 servum
1311 4153 1370 4194 esee
1382 4137 1504 4235 ludibrii.
1558 4223 1574 4236 ..
1639 4135 1720 4235 [θεον
1737 4157 1744 4190 :

183 4244 297 4313 Propter
307 4240 381 4298 buue
392 4241 495 4297 seilicet
507 4254 611 4297 morem
626 4241 707 4314 plane
719 4257 830 4312 pravum
1015 4233 1112 4288 Annos
1127 4227 1227 4297 atiquo
1246 4224 1398 4298 peculator,
1408 4224 1449 4279 vel
1460 4232 1543 4321 etrum
1557 4240 1591 4322 us
1603 4223 1726 4294 laeditur,

185 4334 213 4386 in
230 4331 284 4387 vita
294 4371 302 4397 ,
314 4346 398 4402 quem
412 4328 487 4404 apud
498 4345 596 4387 omnes
608 4330 764 4399 imitantur,
1013 4324 1051 4384 0¹2
1063 4314 1111 4388 qui
1121 4320 1250 4370 l0¹¹¹¹⁸ll¹⁵
1259 4326 1318 4368 0⁵⁸⁰
1327 4310 1460 4377 Wllsssffll
1470 4318 1744 4411 lmffl⁰f11⁰fflssf⁰l⁸²³

183 4415 282 4473 acerbe
292 4416 437 4489 obiurgare
445 4417 523 4483 volo,
535 4417 576 4484 sl,
591 4434 638 4489 per
649 4420 756 4485 lovem,
961 4412 996 4464 35
1015 4404 1107 4461 cultus
1121 4402 1181 4468 bio,
1196 4409 1228 4457 ut
1239 4399 1323 4467 deus,
1339 4397 1512 4497 Ganymeuea
1526 4406 1600 4496 erato
1618 4485 1624 4498 .

127 4510 163 4561 ιε
182 4503 334 4559 libertatem
348 4502 415 4558 mihi
428 4502 498 4559 datis
507 4543 515 4569 ‚
524 4504 606 4569 istos,
621 4503 668 4574 qui
680 4503 739 4558 sine
750 4502 880 4575 symbolis
1012 4490 1157 4547 blanditur
1171 4488 1237 4552 viro.
1252 4502 1268 4542 a
1281 4502 1336 4557 quo
1346 4485 1436 4555 atim,
1446 4500 1507 4555 epos
1522 4500 1651 4558 parmae.

185 4606 217 4647 ae
228 4590 320 4647 labore
331 4589 420 4647 aliena
432 4590 576 4648 comedero
590 4599 754 4648 statuerunt,
1014 4579 1108 4635 Aeiem
1120 4575 1219 4649 aliquis
1228 4574 1347 4641 instruit,
1361 4581 1390 4629 et
1400 4588 1496 4630 omnes
1510 4581 1632 4630 mortuos
1646 4573 1746 4643 reddit,

183 4680 241 4734 Cur
251 4677 343 4743 euim,
359 4677 396 4732 mi
408 4676 507 4742 homo,
522 4693 569 4748 per
580 4676 661 4745 deos,
1013 4663 1154 4730 eonvivi03
1165 4662 1245 4718 tacite
1255 4660 1330 4716 buno
1341 4668 1372 4715 tu
1386 4659 1503 4716 irridens

184 4763 224 4818 νίε
237 4762 397 4835 parasitari,
410 4772 438 4818 et
450 4762 577 4835 aquibus
591 4763 620 4819 in
632 4765 685 4820 vitn
1014 4761 1042 4809 et
1052 4753 1111 4826 ipse
1121 4751 1188 4806 iram
1199 4756 1328 4806 converte
1338 4749 1368 4803 in
1379 4762 1515 4804 mensam.
1589 4836 1595 4846 Ι

78 4850 80 4855 ’
184 4848 397 4907 didicistildie:
410 4849 590 4922 quippeseitu
604 4849 719 4921 dignum
730 4865 740 4902 .·
960 4848 996 4897 40
1013 4841 1119 4914 opinor
1130 4846 1222 4896 eutem
1237 4852 1282 4893 me
1295 4844 1391 4909 aptum
1406 4852 1464 4892 esse
1477 4836 1543 4895 hoie
1557 4851 1612 4903 rer,

127 4945 165 4994 20
185 4937 330 5009 cujusnam
344 4951 405 4992 eras
419 4936 589 5007 discipulus?
606 4952 689 5009 quom
708 4936 770 4993 vitae
784 4936 916 4991 rationem
1014 4929 1110 5002 pueri:
1126 4926 1225 4999 quippe
1239 4924 1330 4980 omnia
1341 4924 1409 4988 mibi
1423 4932 1501 4986 eunt,

185 5024 327 5096 sequeris?
342 5022 442 5095 quibus
457 5023 563 5096 placitis
573 5021 660 5080 fretus
1014 5033 1077 5090 quae
1090 5016 1189 5073 babere
1203 5021 1311 5086 oportet
1324 5011 1421 5069 alienis
1429 5020 1600 5078 vescentem,

184 5109 269 5168 audes
281 5110 439 5182 pensitari,
452 5119 484 5167 ut
496 5110 538 5165 vix
553 5125 622 5179 nos,
633 5119 717 5167 totam
1015 5105 1102 5161 lantes
1112 5142 1121 5168 ,
1133 5099 1398 5167 inanimatam,
1410 5107 1513 5165 venter,
1524 5097 1640 5171 pigritia.

184 5199 269 5253 vitam
280 5196 309 5252 in
319 5211 353 5252 eo
366 5204 576 5262 oonsumentes,
592 5204 618 5252 et
633 5214 668 5255 ue
677 5213 752 5254 uune
764 5194 876 5269 quidem
957 5206 962 5214 ·
1016 5194 1051 5246 Et
1064 5203 1140 5245 nuno
1150 5185 1292 5260 Lydorum
1303 5184 1421 5259 divitum
1434 5202 1480 5242 rex

184 5294 293 5359 apertas
304 5282 394 5340 videre
406 5299 549 5356 possumus
560 5282 634 5340 iores
963 5286 997 5336 45
1016 5292 1059 5334 me
1074 5278 1218 5335 convivam
1231 5282 1259 5332 et
1269 5275 1389 5332 amicum
1402 5274 1452 5329 sibi
1470 5272 1560 5343 elegit.
