3917 5950
799 522 1019 583 antenatus,

136 652 394 750 ὑπεραφρίζουσαν
419 665 588 747 τρυφῶσαν,
613 655 674 722 Ιι’σον
696 655 753 740 ’ίσῳ
772 655 899 749 κεκρα·Ἰ

770 764 874 852 μένην,
897 814 899 833 1
924 743 950 816 3,
967 751 998 818 4,
1011 745 1072 810 64:

135 870 308 962 προσφέρων
319 862 440 951 ἔδωκεν,
451 863 535 960 οἶμαι
544 870 751 961 χρηστότητος
760 873 874 939 οὕνεκα·

137 972 194 1041 εἶτ’
213 974 366 1065 ἐλευθέραν
380 974 478 1064 ἀφῆκε
495 973 646 1058 βαπτίσας
658 977 837 1069 ἐρρωμένως.

87 1122 131 1175 lix
145 1119 190 1174 his
200 1136 288 1174 nemo
309 1117 455 1190 conjiciat,
472 1119 534 1190 quis
552 1119 715 1175 Philonides
737 1120 873 1178 dicatur:

87 1226 154 1263 nam
171 1208 269 1281 plnres
281 1205 407 1261 suerum.
423 1207 569 1261 llanovius
586 1206 740 1266 Exercitat.
756 1210 832 1266 critt.
850 1229 862 1264 1

86 1312 119 1369 p.
132 1313 172 1369 ²9
185 1295 292 1368 aliique
302 1294 338 1348 de
351 1291 503 1349 Philonide
520 1295 659 1350 Meliteusi
681 1297 817 1370 cogitant,
842 1298 878 1354 de

88 1400 151 1455 quo
170 1380 209 1437 ad
221 1381 368 1455 Aristopb.
392 1382 466 1436 Plut.
485 1400 552 1455 179.
573 1385 700 1441 Versus
717 1381 750 1437 δι’
765 1379 877 1459 ἀρετὴν,

88 1470 112 1525 i.
128 1488 158 1542 q.
182 1487 251 1523 mon
269 1465 447 1545 χρηστότητος
472 1465 576 1525 οὕνεκα.
601 1470 747 1526 Thericlea
772 1472 879 1544 pocula

89 1557 156 1611 latis
174 1555 288 1631 fundu,
302 1566 514 1631 proptereaque
528 1557 680 1631 capaciora
692 1568 777 1631 atque
791 1560 880 1631 magis

89 1645 229 1720 expetita,
238 1645 394 1720 presertim
408 1660 425 1700 a
436 1643 574 1701 bibacnlis
580 1645 758 1702 mulieribus.
770 1645 879 1721 Lepide

90 1735 142 1788 illa
153 1734 232 1808 apud
245 1733 389 1788 Eubulum
400 1732 530 1808 Campyl.
546 1752 563 1788 a
582 1753 590 1787 ι

131 1851 172 1921 Ὦ
184 1867 248 1936 γαῖα
262 1859 376 1940 κεραμί,
388 1858 428 1927 τίς
440 1883 469 1919 σε
480 1861 617 1940 Θηρικλῆς
626 1882 691 1919 ποτε

134 1949 224 2018 ἔτευξε
235 1948 325 2017 κοίλης
337 1948 446 2025 λαγόνος
458 1947 597 2027 εὐρύνας
608 1949 725 2027 βάθοςς

132 2027 152 2108 ἦ
166 2059 217 2095 που
227 2034 353 2119 κατειδὼς
365 2034 413 2107 τὴν
423 2033 572 2113 γυναικείαν
587 2034 679 2116 φύσιν,

134 2127 173 2193 ὣς
183 2125 244 2204 οὐχί
254 2126 355 2204 μικροῖς
366 2123 458 2195 ἥδεται
470 2123 620 2203 ποτηρίοις;

93 2255 139 2312 Cf.
165 2254 292 2328 ejusdem
312 2255 410 2311 Dolon
434 2272 463 2313 a.
490 2278 503 2304 a
518 2250 629 2311 Ἀσπίδα
653 2252 724 2308 dicit
744 2253 879 2327 poculum

92 2343 191 2416 clypei
216 2343 305 2397 instar
327 2341 524 2399 rotundatum.
547 2344 581 2399 V.
607 2338 623 2395 5
649 2336 789 2416 βαπτίσας.
815 2342 880 2394 llaec

92 2438 226 2501 spectant
240 2427 278 2483 ad
293 2427 375 2501 πῶμα
386 2424 548 2505 ἐλευθερίας,
563 2426 599 2506 de
614 2425 722 2499 quoad
739 2426 880 2500 Antipha-

92 2517 139 2570 uis
156 2511 275 2589 Ἀκεστρ.
293 2534 350 2572 υ.»
375 2517 401 2570 E
415 2516 468 2573 M.-

115 2657 365 2717 incantantur
385 2659 600 2716 DRAMATUM
617 2657 856 2714 FRAGMENTA.

476 2789 502 2828 ι.

133 2884 264 2940 Stobaeus
276 2885 355 2942 Flor.
371 2883 419 2960 96,
435 2882 471 2939 23
487 2901 550 2938 cum
563 2883 694 2938 lemmate
708 2872 880 2959 Ἀριστοφῶν-

92 2991 148 3037 ¹²06.

144 3087 192 3154 Τδ
208 3088 294 3164 τελος
304 3086 419 3153 ἅπασίν
432 3089 496 3152 ἐστι
510 3092 575 3161 τοῖς
589 3092 742 3177 πτωχοῖσι
757 3082 818 3166 νόξ·

144 3196 303 3260 ἐπισκοτεῖ
309 3192 366 3286 γὰρ
380 3198 440 3268 τοῖς
450 3198 570 3257 κακοῖσι
580 3200 745 3282 πανταχοῦ.

98 3365 110 3387 a
129 3340 223 3396 Locus
234 3338 350 3396 fortune
364 3337 400 3395 ad
413 3336 528 3395 Babiam
541 3335 715 3394 referendus.
729 3335 779 3390 »E
796 3334 838 3389 M.

445 3475 473 3515 a.
497 3457 526 3513 3.

137 3582 241 3639 Athen.
259 3600 286 3651 a,
299 3601 331 3657 p.
347 3580 397 3651 63,
410 3584 435 3636 Α
450 3575 621 3657 ιἈντιφόνης
635 3573 662 3633 dl
677 3573 719 3632 διδ
734 3579 780 3632 τοῦ
796 3595 817 3630 π
829 3596 881 3652 φη-

94 3668 137 3728 σὶν
149 3667 343 3747 ἀσπάραγον...
359 3666 516 3746 Ἀριστοφῶν
529 3691 542 3719 ι
556 3664 712 3740 Κοίππαριν,
727 3659 828 3740 βληχὼ,
840 3660 883 3718 θύ-

93 3779 145 3834 μον
161 3755 334 3835 ἀσπάραγον,
354 3753 465 3830 πίτταν,
481 3752 594 3831 ῥάμνον,
614 3748 755 3829 σφοίκελον,
772 3747 881 3824 τύμπα-

93 3867 151 3903 νον.
162 3871 176 3895 »
189 3848 318 3920 Apparet
329 3844 388 3899 haec
400 3852 505 3899 temere
518 3842 712 3916 conglutinata
726 3856 793 3896 esse.
806 3838 882 3892 Scri·

94 3933 174 4004 bam,
188 3934 289 4007 priore
299 3931 366 3986 loco
378 3939 472 4004 partes
485 3929 662 3984 senariorum
677 3926 841 3991 restituens,

195 4084 246 4094 -
255 4043 441 4136 Κάππαριν,
456 4043 577 4131 βληχὼ,
594 4042 698 4131 θύμον,

146 4150 340 4242 ἀσπάραγον,

96 4265 257 4340 posteriore
269 4272 365 4317 antem
377 4270 548 4335 nuapmsmm
564 4257 634 4314 dim.
650 4258 679 4311 in
688 4273 748 4331 quo
760 4270 885 4310 comme-

97 4353 204 4408 morari
214 4350 353 4406 uidentur
363 4349 462 4423 capitis
473 4347 631 4422 supplicia,

146 4467 277 4550 πίτταν,
297 4457 553 4554 ραόδοσφοίκελον,
569 4462 709 4525 τόπανον.

1646 544 1702 595 509

922 656 979 713 Pro
996 655 1089 711 πίτταν
1106 658 1225 714 Budaeus
1235 659 1376 714 scribebat
1390 658 1476 716 πίτυν.
1491 665 1604 721 Plautus
1618 666 1700 742 Capt.

1004 890 1042 901 -
1054 863 1107 918 Ar.
1122 862 1158 914 At
1175 858 1226 934 pol
1240 870 1285 927 te,
1298 861 1321 914 si
1334 861 1379 916 hic
1391 863 1481 935 sapiat
1493 881 1596 937 senex,

959 952 1015 1019 pix
1026 958 1091 1002 atra
1102 948 1188 1022 agitet
1206 947 1286 1022 apud
1300 947 1477 1020 carnificem,
1493 962 1601 1027 tuoque
1618 955 1704 1026 rapiti

1582 1039 1704 1097 illuceat.

923 1143 999 1200 Dure
1014 1144 1128 1201 codices
1139 1157 1202 1200 atra
1213 1151 1282 1221 pia.
1297 1148 1445 1203 Lucretius
1460 1148 1489 1223 3,
1506 1147 1591 1222 1030,
1612 1167 1703 1206 anno-

868 1251 876 1279 t
924 1242 1002 1288 tante
1014 1233 1055 1288 ibi
1069 1233 1210 1290 Lambino
1229 1253 1236 1288 ε

962 1344 1100 1413 Verbera,
1116 1342 1277 1416 carnifices,
1290 1345 1400 1416 robur,
1413 1352 1474 1421 pia,
1487 1348 1601 1419 lamina,
1617 1348 1705 1408 taedae.

924 1465 1041 1543 Ῥοίμνος
1051 1488 1154 1526 vereor
1165 1477 1198 1529 ut
1209 1472 1266 1526 huc
1277 1473 1433 1545 pertineat,
1444 1492 1498 1528 nec
1509 1493 1562 1548 per
1572 1493 1601 1530 se
1615 1475 1708 1533 dicans

925 1554 1055 1632 σφάκελος
1079 1559 1190 1632 plaeet3
1221 1554 1431 1636 ραόδοσφόιιελον
1454 1571 1548 1616 autem
1573 1564 1708 1638 intelligas

928 1645 1142 1700 convulsionem
1152 1646 1265 1720 virgati.
1282 1647 1396 1702 Plautus
1410 1648 1489 1706 hsin.
1505 1648 1530 1715 3,
1549 1668 1577 1721 a,
1594 1652 1629 1706 18
1647 1671 1653 1705 :

964 1755 1023 1811 Ubi
1036 1774 1108 1831 saepe
1117 1774 1231 1812 causam
1241 1756 1346 1812 dixeris
1356 1756 1484 1832 pendens
1497 1760 1631 1817 adversas
1640 1773 1707 1818 octo

964 1854 1088 1898 astantes
1099 1844 1220 1900 audaces
1232 1847 1324 1919 viros,
1338 1846 1462 1901 valentes
1475 1849 1637 1922 virgatores.

925 1982 983 2039 Ubi
995 1982 1066 2037 mire
1075 1982 1140 2037 libri
1149 1993 1268 2051 astutos,
1281 1983 1361 2055 quod
1371 1994 1465 2038 ortum
1477 1984 1552 2041 dicas
1564 2005 1598 2042 ex
1611 2012 1622 2036 ι
1633 1978 1707 2044 asta·

926 2080 967 2125 tes
988 2093 1014 2127 a.
1036 2065 1160 2127 Τόπανον
1179 2069 1362 2125 scribendum
1383 2072 1436 2126 luit
1453 2074 1535 2128 metri
1549 2076 1638 2149 gratia
1650 2094 1705 2149 pro

926 2152 1074 2232 τύμπανον,
1087 2167 1119 2212 ut
1131 2159 1236 2231 Hymn.
1254 2159 1369 2215 Homer.
1386 2164 1433 2229 τί,
1450 2157 1466 2213 3
1483 2175 1490 2215 :

966 2257 1129 2345 ᾔκφοτιίλων
1140 2288 1178 2325 τυ
1186 2266 1280 2323 ποίνω
1288 2290 1302 2323 ν
1311 2269 1336 2323 τ’
1349 2266 1413 2344 ἰαχὴ
1424 2312 1432 2343 ,
1446 2268 1493 2325 σύν
1504 2291 1533 2326 τε
1552 2268 1647 2348 βρόμος
1659 2273 1706 2329 αὖ·

1636 2360 1689 2416 λῶν
1698 2401 1707 2429 ,

966 2441 1065 2501 εὔαδεν.

927 2559 983 2614 llic
993 2557 1109 2632 quidem
1117 2575 1173 2613 vox
1182 2568 1264 2613 sonat
1277 2552 1368 2630 ξόλον,
1379 2554 1419 2636 ἐφ’
1432 2546 1454 2635 ᾧ
1467 2554 1640 2633 ἐτομποίνιζον
1656 2558 1711 2631 (ad

926 2666 1022 2701 treceni
1032 2646 1242 2717 verberabant),
1253 2655 1284 2700 nt
1296 2648 1335 2701 ait
1345 2646 1433 2701 schol.
1445 2646 1482 2701 ad
1495 2649 1544 2702 Ar.
1553 2648 1627 2702 Pluti
1638 2652 1706 2716 ¹17²·

927 2733 1047 2789 Bndaeus
1059 2734 1201 2790 scribebat
1213 2730 1341 2811 ῥάφανον,
1353 2731 1464 2812 σφάκον,
1479 2730 1608 2811 πήγανον.

1289 2838 1349 2897 Lll.

1185 2959 1445 3028 EPIGRATES.

972 3123 984 3148 a
1001 3100 1161 3172 Epicrates,
1178 3097 1361 3152 Ambraciota
1382 3095 1500 3171 (Athen.
1526 3111 1577 3162 ro,
1594 3109 1623 3166 p.
1640 3098 1708 3162 lan,

929 3186 976 3261 F),
985 3186 1085 3240 mediae
1097 3184 1241 3239 comoediae
1252 3193 1349 3257 poeta,
1359 3193 1392 3237 nt
1405 3183 1445 3236 ibi
1457 3189 1584 3248 vocatur,
1594 3180 1709 3251 quando

929 3276 1048 3341 vixerit,
1067 3292 1102 3327 ex
1116 3271 1274 3345 fragmento
1287 3271 1363 3344 apud
1382 3270 1483 3325 Athen.
1497 3286 1528 3337 a,
1545 3285 1573 3340 p,
1595 3264 1648 3341 59,
1664 3270 1708 3336 D,

929 3361 1107 3434 intelligitur,
1128 3358 1160 3413 in
1181 3378 1240 3432 quo
1260 3356 1405 3413 Platonem
1425 3355 1541 3428 ejusque
1560 3354 1711 3428 discipulos

929 3450 1118 3524 Speusippum
1141 3458 1169 3501 et
1190 3446 1386 3502 Menedemum
1406 3444 1584 3518 perstringit,
1609 3443 1677 3496 item
1696 3460 1711 3497 e

929 3537 1073 3591 mentione
1088 3535 1161 3589 facta
1171 3533 1355 3602 Pharnabazi,
1366 3532 1466 3605 dequo
1477 3529 1667 3605 Thucydides,
1677 3547 1711 3584 ex

929 3625 1024 3680 verbis
1035 3624 1072 3679 de
1082 3622 1171 3679 Laide
1183 3619 1191 3700 (
1203 3619 1298 3679 Ἀντιλ.
1315 3622 1350 3679 ir.
1365 3639 1392 3690 a,
1409 3618 1471 3694 18):

1010 3766 1051 3780 —
1063 3733 1165 3813 δολιχον
1179 3735 1232 3799 τοῖς
1244 3733 1326 3791 ἔτεσιν
1338 3730 1390 3802 ἤδη
1402 3727 1505 3809 τρέχει,

970 3823 1017 3889 τὰς
1031 3820 1156 3903 ἁρμονίας
1168 3843 1196 3880 τε
1206 3821 1322 3900 διαχαλᾷ
1336 3824 1381 3878 τοῦ
1395 3818 1535 3894 σώματος,

931 3936 1036 4009 quibus
1049 3935 1073 3989 si
1091 3931 1362 4006 quinquagenariam
1380 3928 1502 3985 describi
1517 3927 1659 4001 ponimus,
1671 3927 1711 3981 la·

930 4023 1054 4078 bulailla
1064 4023 1178 4077 ineunte
1197 4021 1302 4094 olymp.
1320 4038 1369 4073 τοι
1385 4017 1465 4090 (ante
1484 4017 1549 4072 Chr.
1561 4026 1622 4071 nat.
1638 4013 1710 4086 375]

931 4113 1036 4184 scripta
1051 4110 1151 4190 fuerit,
1170 4108 1310 4181 siquidem
1323 4106 1417 4160 Laidis
1429 4106 1536 4160 natales
1548 4101 1673 4157 incidere
1684 4104 1713 4156 in

932 4201 1038 4273 olymp.
1061 4195 1110 4265 88,
1123 4215 1140 4251 a
1155 4195 1236 4269 (ante
1254 4195 1321 4251 Chr.
1340 4203 1397 4249 nat.
1413 4191 1486 4263 σεδ)
1506 4208 1540 4245 ex
1557 4188 1713 4243 multorum

932 4286 1101 4342 testimoniis
1110 4281 1236 4338 efficitur
1250 4301 1296 4335 zv.
1308 4280 1395 4335 schol.
1407 4277 1552 4351 Aristoph.
1569 4277 1643 4331 Pluti
1658 4295 1713 4349 ¹79

932 4385 960 4432 et
971 4377 1073 4430 Franc.
1085 4371 1188 4426 Ritteri
1194 4371 1311 4426 Dissert.
1324 4368 1359 4423 de
1372 4367 1461 4430 Pluto,
1478 4384 1508 4438 p.
1521 4383 1569 4421 nr.
1582 4364 1714 4437 Quinque
1756 4378 1762 4385 ·

932 4462 1092 4519 fabularum
1104 4457 1178 4512 tituli
1191 4465 1351 4530 supersunt.
1369 4477 1381 4502 ν
1397 4454 1423 4508 E
1433 4454 1478 4510 M.

116 4567 1698 4612 ——--..-...---—-—-————--—·-·-ss·-·

132 4666 328 4731 obviantem,
355 4661 558 4720 Therieleorum
579 4663 608 4717 in
635 4658 729 4716 orbem
754 4656 885 4712 circnma·

586 4757 588 4760 '
653 4750 740 4816 [etum
752 4745 888 4818 elypeum,

134 4869 255 4928 mpemo
273 4860 460 4927 spumantem,
471 4852 632 4918 delicatum,
652 4866 701 4923 par
720 4827 889 5001 pari[tempe·

789 4940 889 4999 nrum,

135 5044 248 5103 allatum
260 5042 350 5111 dedit,
370 5041 468 5114 opinor
482 5038 621 5114 equidem,
643 5036 718 5111 quod
732 5036 845 5109 probam
862 5042 890 5092 et

646 5123 721 5196 frugi
731 5128 889 5194 cognossem

104 5238 119 5288 5
137 5232 234 5292 aenda
250 5229 370 5287 liberam
387 5226 511 5296 dimisit,
528 5240 615 5299 quum
630 5223 714 5298 probe
730 5220 891 5292 madefecis-

823 5310 887 5363 sset.

1120 4626 1171 4680 EX
1191 4622 1352 4680 lucanus
1371 4620 1535 4677 FABULlS.

1307 4713 1332 4761 1.

934 4803 1008 4862 Finis
1024 4800 1166 4855 malorum
1179 4795 1307 4854 omnibus
1320 4801 1361 4850 est
1370 4792 1502 4849 mendicis
1513 4807 1565 4848 nox
1579 4809 1585 4843 ε
1601 4841 1604 4848 ,

934 4905 998 4947 nam
1009 4887 1081 4945 mala
1094 4884 1217 4957 undique
1226 4881 1372 4939 obumbrat
1386 4880 1444 4937 illa.

1313 4974 1330 5024 δ

934 5060 1088 5135 Capparin,
1103 5057 1256 5130 pulegium,
1273 5009 1414 5129 thymum,

936 5162 1108 5223 asparagum.
1314 5220 1330 5268 ³

936 5305 1038 5372 Pioem,
1053 5302 1259 5401 conuulsionem
1273 5317 1304 5358 ex
1315 5300 1409 5372 virgis,
1420 5299 1538 5357 verbera.
