3917 5950
786 505 1037 569 PfllLlPPlDES.

83 636 199 694 isicius.
220 639 302 694 Libri
316 638 395 695 nilo
416 636 530 715 ὑστερεῖς
549 636 621 715 (εἰσ)
644 640 673 693 in
696 637 751 695 line
773 657 869 695 versus

83 737 209 799 ponunt.
231 722 350 802 Ἀρτυμα
371 738 421 798 est,
436 726 579 800 quidquid
601 738 732 802 paratum
748 730 770 784 si
791 746 869 784 aco·

84 815 163 886 qtris,
185 817 341 887 generatim
363 815 445 881 cibus,
472 833 531 870 non
547 816 636 871 modo
657 818 870 872 condimentum.

84 902 265 958 Batrachum.
283 911 339 970 4οι

127 988 180 1046 οὐδ’
193 986 243 1045 δσα
258 989 322 1067 πρὸς
334 989 418 1054 θοίνας
431 989 552 1067 μερόπων
567 988 688 1068 reciperet
703 990 822 1069 μάγειροι

128 1080 286 1151 κοσμοῦντες
295 1076 394 1155 χύτρας
407 1075 579 1156 α’ρτιίμασι
593 1077 807 1137 παντοδαποῖσιν.

83 1168 118 1221 V.
129 1166 273 1222 usecurtm
281 1169 422 1241 bellicum,
431 1169 508 1241 quali
516 1169 619 1224 milites
629 1169 781 1224 utanturin
792 1188 871 1244 proe·

84 1254 139 1322 lio,
161 1254 188 1308 h.
207 1272 232 1313 e.
256 1255 404 1327 majorem.
425 1258 473 1310 Est
483 1254 568 1326 jocus
587 1256 726 1314 comicus.

468 1384 497 1424 a.

128 1467 228 1523 Pollux
244 1485 290 1534 ιο,
299 1473 337 1541 94
351 1487 358 1523 :
371 1466 456 1525 καίτοι
463 1466 509 1523 καὶ
518 1464 566 1537 τὴν
577 1465 721 1542 μυιοσόὸην
735 1465 763 1524 ἔν
777 1491 804 1526 τε
819 1469 870 1535 τοῖς

83 1553 240 1630 Μενάνδρου
256 1551 434 1633 bosedone
443 1552 513 1612 ἔστιν
531 1557 626 1633 εθρεῖν,
640 1555 684 1613 καί
706 1557 732 1612 ἐν
747 1554 869 1623 Ἀναξίπ-

81 1663 137 1699 που
146 1641 292 1722 Κιθαρῳδῷ
302 1668 314 1694 ι
325 1642 477 1714 Μυιοσόθην
486 1642 576 1700 λαθὼν
586 1644 737 1723 παράστηθι
747 1643 868 1703 ἐνθάδε»

81 1733 173 1788 Mein.
191 1729 236 1787 καὶ
248 1735 399 1806 praeponit.
416 1734 512 1787 Malim

133 1849 197 1920 Τήν
217 1844 376 1939 μοιοσιίδην
391 1845 493 1916 λαθὼν
507 1849 677 1938 περιίσταθ’
695 1842 809 1917 tetih.

79 1978 100 2031 A
105 1976 168 2051 pnd
179 1979 323 2036 Pollucem
330 1980 396 2037 libri
406 1982 506 2039 vitiose
516 1978 544 2038 ἔν
556 2002 598 2057 γε,
612 1957 866 2056 mendufrocprcus.

379 2152 411 2206 V.
432 2152 571 2211 ‹nrunt

122 2281 227 2336 Athen.
248 2301 291 2350 ιι,
303 2301 335 2357 ρ.
352 2282 454 2356 486,t.
472 2301 478 2336 τ
496 2279 584 2351 Μίλη·
596 2280 664 2338 οὕτω
677 2280 796 2338 καλεῖταί
810 2303 867 2338 τινα

76 2366 213 2446 ποτήρια,
229 2358 264 2425 ὧν
277 2367 432 2444 μνημονεύει
445 2368 497 2429 Ἂν.
511 2371 536 2426 ἕν
552 2367 664 2446 Φρέατι,
678 2368 761 2447 λέγων
775 2368 866 2440 οὕτως,

131 2483 170 2547 Σὺ
186 2475 220 2547 δὲ
229 2487 284 2556 τὴν
302 2485 408 2573 paitru,
427 2481 571 2574 Συρίσκε,
589 2484 716 2556 ταυτηνὶ
732 2479 835 2550 λαθὼν

130 2589 251 2680 ἔνεγκον
267 2587 317 2654 ἐπὶ
331 2589 368 2653 τὸ
385 2584 479 2679 μνῆμ’
491 2587 602 2681 ἐκείνῃ,
619 2587 791 2679 (μανθάνεις
801 2588 827 2677 ;)

130 2692 184 2758 καὶ
198 2687 369 2783 nosipsos!

75 2825 170 2878 Versu
189 2823 283 2879 alibri
302 2843 384 2880 versu
398 2824 504 2892 hiante,
523 2821 605 2898 ἔνεγκ’
620 2822 662 2879 ἐπὶ
674 2833 728 2880 etc.
741 2821 874 2880 Porson.

75 2889 201 2986 ενιγειιζ
219 2911 269 2967 seu
296 2913 356 2967 vn.
393 2912 492 2967 nanu.
520 2912 568 2967 or.
597 2929 661 2987 pag.
683 2910 750 2966 τοι.
773 2913 867 2983 Quare

75 2997 303 3076 scriboirrpa'
326 2997 395 3075 (διν)
412 2997 496 3056 iniri
511 3022 555 3071 μν.

392 3285 551 3342 LXXXVI.

324 3426 617 3496 PHILIPPIDES.

123 3611 137 3634 ι
149 3585 265 3642 suidas:
278 3582 455 3659 Φιλιππίδης,
470 3579 588 3660 κωμικὸς
601 3580 646 3639 καὶ
661 3578 736 3648 αὐτὸς
748 3584 795 3654 τῆς
808 3580 867 3650 νίας

75 3674 231 3753 κωμῳδίας,
242 3673 295 3740 otte
307 3671 479 3738 Φιλοαλίους.
492 3661 524 3743 ἦν
535 3669 562 3730 δὲ
570 3669 665 3740 ἐπὶτῆς
673 3669 725 3744 ρια’
734 3671 865 3748 θλυμπιιί·

76 3763 122 3826 δσς
131 3805 140 3831 ,
147 3763 246 3834 floruit
260 3775 355 3819 autem
366 3762 531 3836 olympiade
547 3778 598 3816 111
617 3758 705 3834 (ante
718 3761 787 3820 Chr.
805 3774 864 3819 nat.

77 3851 215 3927 iia-329
226 3852 246 3927 l.
260 3852 325 3907 Hoc
336 3852 466 3907 sinerum
475 3859 555 3918 emet,
566 3847 666 3925 mediae
675 3849 771 3923 potius
782 3867 867 3923 quam

74 3957 163 3993 novae
183 3938 332 3995 comoediae
353 3936 565 3995 accensendum
576 3948 707 4012 putarem
721 3938 866 4014 Philippi-

75 4025 164 4095 dem,
189 4045 256 4082 ustas
279 4028 364 4083 etiam
388 4026 511 4082 Platonis
534 4027 809 4082 commemoratione
836 4027 867 4082 iu

75 4114 243 4189 fragmento
257 4114 335 4189 apud
350 4114 431 4170 Stob.
446 4113 497 4182 68,
519 4113 548 4170 6.
564 4113 653 4185 Atqui
668 4112 746 4186 apud
757 4114 866 4171 Plutar-

74 4202 166 4257 chum
180 4204 236 4260 Vit.
256 4204 394 4259 Demetrii
409 4222 439 4277 p.
456 4200 524 4277 θρα,
544 4201 581 4269 C3
597 4219 666 4275 900,
681 4199 722 4269 F,
739 4210 768 4257 et
782 4204 868 4259 hma-

73 4301 137 4348 tor.
150 4309 181 4364 p.
205 4289 274 4360 750,
290 4291 327 4358 1²,
349 4289 421 4345 Phil.
438 4289 542 4345 acerbe
557 4289 699 4343 invehitur
713 4288 743 4342 iu
758 4289 866 4345 Strato·

75 4379 165 4447 clem,
178 4379 316 4433 Demetrii
327 4387 355 4433 et
367 4377 503 4451 Antigoni
518 4376 706 4437 adulatorem.
719 4379 795 4433 Hinc
803 4379 868 4433 satis

1646 521 1704 572 uus

919 641 1078 697 Diodorum
1094 641 1150 698 Sic.
1169 656 1218 707 εο,
1243 656 1309 712 ιιο,
1325 639 1460 695 archonte
1472 641 1587 698 Nicocle
1600 654 1702 717 myste-

917 730 967 784 riis
994 730 1143 785 Eleusiniis
1178 726 1303 782 initiatus
1332 737 1415 795 esset,
1446 728 1476 782 id
1512 730 1703 806 Philippidem

917 814 1036 873 irrisisse
1049 816 1117 872 dicit
1132 814 1300 870 Plutarchus
1312 815 1367 870 Vit.
1380 816 1517 870 Demetrii
1532 817 1551 873 l.
1575 818 1609 886 l.;
1620 819 1701 890 quod

917 915 983 960 ante
996 906 1103 978 olymp,
1118 921 1172 959 rao
1184 907 1219 974 [a.
1231 902 1263 959 C.
1277 900 1344 976 299)
1353 899 1591 977 fierinonpotuit.
1600 906 1702 979 ltaque

918 1004 967 1048 aut
986 1003 1138 1066 corruptus
1157 1002 1197 1047 est
1217 989 1310 1046 Suidae
1328 1008 1475 1059 numerus,
1494 991 1701 1067 legendumque

917 1079 961 1137 ἐπὶ
971 1083 1017 1150 τῆς
1030 1078 1086 1160 ρκα’
1103 1075 1276 1154 ὀλυμπιάδος,
1288 1089 1337 1133 aut
1346 1078 1450 1134 accidit
1464 1079 1505 1133 illi
1519 1079 1605 1150 idem,
1621 1082 1702 1154 quod

917 1170 1013 1224 nrultis
1026 1169 1087 1223 aliis
1098 1169 1107 1240 l
1117 1166 1175 1224 vid.
1191 1167 1316 1223 Cliuton.
1331 1167 1405 1222 Fast.
1420 1166 1543 1235 Hellen„
1565 1186 1700 1241 prooem,

917 1275 947 1330 p.
961 1262 997 1321 it,
1011 1252 1032 1332 l,
1050 1264 1082 1311 ut
1097 1253 1234 1314 Nostrum
1248 1251 1436 1308 coufunderet
1447 1271 1513 1307 cum
1528 1254 1700 1328 Philippide,

918 1355 1019 1399 contra
1030 1361 1115 1417 quem
1128 1340 1290 1416 Hyperides
1302 1341 1423 1414 scripsit,
1437 1351 1466 1396 et
1479 1341 1560 1413 cujus
1571 1343 1702 1398 macilen-

918 1434 955 1487 tia
974 1430 1057 1502 jocos
1077 1430 1200 1505 praebuit
1219 1427 1340 1494 Alexidi,
1361 1428 1572 1502 Aristophonti,
1584 1430 1701 1503 aliisque

916 1519 1017 1575 media
1042 1516 1190 1574 comoediae
1208 1516 1403 1591 scriptoribus.
1425 1517 1557 1573 Comicus
1583 1517 1700 1591 quidem

916 1618 1016 1662 erectae
1036 1605 1140 1660 indolis
1157 1605 1244 1659 homo
1270 1603 1323 1658 fuit
1343 1613 1371 1657 et
1392 1604 1450 1658 oris
1472 1613 1530 1659 tam
1550 1602 1649 1673 liberi,
1668 1614 1701 1660 ut

915 1695 1035 1768 pristina
1046 1691 1192 1750 comaediae
1201 1692 1290 1747 uirtus
1303 1692 1334 1746 iu
1346 1707 1380 1745 co
1394 1690 1526 1747 revisisse
1540 1688 1696 1750 rideretur.

916 1784 988 1839 Plut.
1000 1784 1019 1837 1.
1034 1783 1052 1839 l.
1072 1802 1078 1837 z
1094 1773 1126 1851 ἦν
1143 1779 1166 1836 δ’
1177 1783 1192 1837 θ
1205 1778 1271 1836 Φιλ.
1284 1776 1443 1854 Λυσιμάχου
1456 1776 1540 1856 oller,
1553 1774 1599 1833 καὶ
1613 1775 1709 1834 πολλδι

916 1865 949 1924 δι’
965 1865 1041 1924 αὐτὸν
1055 1869 1069 1924 θ
1087 1867 1169 1941 δῆμος
1185 1858 1213 1922 εὖ
1228 1863 1322 1922 ἔπαθεν
1334 1863 1385 1920 tut
1400 1866 1448 1921 τοῦ
1464 1863 1600 1942 βασιλίωε.
1615 1862 1699 1922 ἐδόκει

915 1953 942 2012 il
959 1953 1081 2032 καὶπρὸς
1096 1951 1189 2031 πρᾶξιν
1212 1953 1284 2030 αὐτῷ
1302 1949 1347 2008 καί
1365 1949 1429 2029 πρὸς
1442 1948 1580 2027 στρατείαν
1598 1948 1697 2026 εὐσύμ-

915 2041 991 2108 toto<
1001 2040 1154 2112 ἀπαντήσας
1163 2027 1230 2099 εἶναι
1245 2039 1290 2097 καὶ
1302 2038 1398 2117 ὀφθείς.
1415 2079 1445 2097 ...
1460 2035 1546 2102 ἄλλως
1560 2034 1588 2093 di
1599 2034 1644 2095 καί
1655 2035 1697 2094 διὰ

914 2130 944 2188 τὸ
959 2122 1020 2201 ἦθος
1031 2127 1175 2205 εὐδοκίμει,
1190 2127 1252 2203 μηδ’
1267 2126 1376 2196 αὐλικῆς
1384 2123 1532 2204 περιεργίας
1544 2123 1696 2182 ἄναπιπλᾶ-
1779 2175 1785 2184 .

915 2239 1000 2293 μενος.
1024 2213 1258 2297 φιλοφρονουμένου
1278 2210 1308 2271 δί
1323 2235 1386 2270 ποτε
1400 2216 1445 2271 τοῦ
1457 2209 1616 2291 Λυσιμάχου
1634 2211 1698 2289 πρὸς

914 2305 1002 2378 «nn,
1021 2304 1065 2364 nt
1088 2303 1203 2368 itm...
1226 2288 1295 2361 «ὀ
1318 2299 1487 2372 cutmen,
1509 2299 1576 2367 ui..
1591 2299 1632 2358 nt
1646 2303 1698 2358 m

914 2395 985 2470 ἐμῶν
1002 2393 1106 2468 μεταδῶ
1123 2412 1153 2462 »3
1173 2416 1186 2443 r
1200 2390 1298 2462 Μόνον,
1318 2386 1386 2468 ipo,
1410 2377 1433 2447 ds
1448 2390 1574 2466 βασιλεῦ,
1594 2387 1632 2464 μὴ
1645 2390 1698 2447 τῶν

914 2479 1081 2560 ἀπορρήτων.
1098 2506 1110 2532 ι
1128 2483 1196 2552 Qun
1214 2480 1300 2533 enam
1316 2478 1377 2532 aliis
1396 2474 1541 2532 Plutarchi
1553 2476 1625 2532 locis
1639 2487 1698 2533 tra-

914 2567 1022 2623 duntur
1045 2588 1052 2623 :
1076 2566 1135 2622 rid.
1149 2564 1290 2622 Gaislord.
1308 2563 1346 2619 ad
1368 2564 1449 2622 Stob.
1468 2562 1548 2622 Flor.
1573 2571 1623 2639 49,
1649 2581 1695 2638 ¹9·

913 2656 1035 2712 Fabulae
1052 2652 1243 2728 Phssippidem
1261 2652 1453 2726 quodraginta
1471 2662 1603 2725 quattuor
1626 2654 1697 2708 scri-

912 2743 1001 2817 psisse
1025 2742 1112 2799 refert
1144 2739 1260 2814 Suidas,
1285 2756 1406 2813 quarum
1432 2738 1597 2812 quindecim
1622 2741 1697 2796 tituli

912 2841 1071 2905 supersunt.
1086 2832 1129 2885 De
1140 2838 1231 2883 morte
1243 2826 1303 2898 ejus
1315 2826 1420 2883 Gellius
1435 2825 1464 2895 3,
1483 2826 1517 2882 ιθ
1534 2846 1541 2881 ι
1557 2851 1569 2878 ι
1585 2828 1693 2904 Philip-

912 2919 1007 2995 pide,
1033 2916 1238 2974 comoediarum
1259 2925 1344 2989 poeta
1364 2913 1442 2969 haud
1460 2914 1601 2987 ignobilis,
1616 2926 1697 2971 aetate
1807 2977 1810 2985 ¹

909 3007 967 3078 jam
981 3007 1057 3063 edita
1070 3005 1103 3081 (l)
1115 3023 1203 3079 quum
1218 3004 1248 3057 in
1262 3001 1414 3058 certamine
1431 3010 1581 3075 poetarum
1594 3010 1697 3075 praeter

912 3112 993 3169 spem
1012 3094 1123 3148 vicisset
1148 3101 1177 3147 et
1202 3090 1340 3144 latissime
1365 3087 1512 3162 gauderet,
1531 3089 1606 3144 inter
1624 3086 1696 3143 illud

911 3181 1048 3257 gaudium
1061 3190 1178 3254 repente
1184 3187 1314 3233 mortuus
1324 3186 1374 3232 est.
1391 3200 1402 3225 ι
1415 3175 1523 3231 Similia
1538 3174 1573 3230 de
1583 3174 1696 3249 Sopho-

913 3271 978 3338 clis,
1001 3266 1184 3335 Philemonis,
1206 3263 1338 3333 Alexidis,
1359 3273 1387 3318 et
1403 3264 1524 3318 aliorum
1546 3272 1694 3336 poetarum

913 3358 994 3413 obitu
1008 3365 1167 3411 narramur.
1179 3353 1226 3407 »E
1238 3352 1293 3419 M..
1302 3368 1388 3424 quem
1400 3367 1428 3409 ν.
1442 3349 1479 3405 de
1491 3349 1579 3405 titulis
1587 3348 1695 3405 fabula·

912 3464 976 3500 rum
989 3445 1061 3500 Hist.
1075 3443 1139 3499 crit.
1154 3461 1183 3516 p.
1202 3444 1305 3509 tna-ln

968 3554 971 3557 ⁵
1132 3588 1157 3646 1.
1174 3582 1468 3644 ιιοινιιιοιιιι.

952 3736 965 3762 ι
985 3714 1024 3769 Η.
1046 3730 1072 3767 e.
1087 3709 1238 3765 mulierum
1251 3716 1339 3762 coetus
1353 3704 1466 3763 hdouia
1483 3705 1696 3778 celebrantium,

912 3801 1027 3876 qualem
1047 3797 1183 3856 describit
1198 3796 1330 3870 Diphilus
1347 3796 1378 3851 in
1395 3795 1515 3862 Theseo,
1527 3795 1631 3850 Athen.
1649 3813 1694 3863 10,
1755 3842 1768 3879 ,Ι

911 3908 942 3965 p.
962 3888 1032 3958 451,
1051 3889 1084 3945 B.
1099 3885 1143 3944 Cf.
1166 3884 1307 3940 Phitetari
1328 3882 1519 3939 Adoniazusas
1537 3892 1565 3937 et
1585 3883 1694 3937 Aristo-

911 3975 1014 4054 phanis
1031 3977 1121 4034 schol.
1140 3978 1177 4030 ad
1194 3977 1260 4047 Lys.
1280 3969 1446 4049 3901362).
1465 3970 1574 4027 Similes
1591 3971 1695 4042 Diony-

911 4072 1032 4123 siuzusoe
1050 4063 1193 4119 Timoclis.
1212 4086 1225 4111 ν
1244 4061 1323 4116 EM.

1292 4190 1318 4226 1.

952 4282 1053 4338 Pollux
1066 4277 1095 4349 5,
1116 4295 1186 4347 τοο,
1200 4277 1235 4333 de
1247 4285 1352 4331 ornatu
1370 4269 1503 4327 muliebri
1516 4290 1522 4325 z
1537 4267 1597 4348 περὶ
1612 4267 1702 4333 dicei<

912 4366 1027 4446 στίρνοις
1036 4365 1149 4442 αἰγίδας,
1160 4362 1206 4421 καί
1212 4360 1441 4439 μασχαλιστῆρας.
1449 4354 1494 4413 καὶ
1506 4357 1562 4414 ἀνα
1569 4377 1696 4434 μασχα-

73 4476 161 4521 certo
187 4467 320 4541 colligas,
343 4483 408 4521 eum
432 4461 561 4520 floruisse
582 4466 658 4520 inter
676 4463 867 4540 olympiadem
911 4454 1043 4533 λιστὴρ,
1065 4455 1099 4518 ὡς
1113 4451 1178 4512 Φιλ.
1194 4453 1209 4507 θ
1225 4452 1272 4520 τῆς
1286 4443 1425 4525 κωμῳδίας
1438 4442 1561 4519 ποιητὴς,
1576 4444 1603 4500 lt
1616 4441 1698 4501 Ἄδων

78 4552 139 4609 ιιθ
159 4564 188 4610 et
209 4572 263 4610 ιεε
282 4553 366 4628 (ante
380 4551 446 4610 Chr.
464 4559 522 4609 nat.
546 4551 600 4623 307
616 4548 755 4629 et291)3
780 4551 868 4624 idque
912 4540 1068 4613 νιαζούσαις.
1083 4543 1151 4598 «θίυ
1164 4539 1230 4599 hid.
1245 4555 1300 4613 pro
1317 4537 1433 4611 vulgato
1448 4529 1695 4610 &sepequlttnle

72 4643 167 4698 etiam
193 4658 229 4697 eo
250 4640 446 4710 coniinnatur,
469 4640 549 4713 quod
575 4638 736 4712 Lysimachi
760 4638 868 4693 amicus
912 4633 1039 4691 Salmasii
1051 4630 1139 4687 codd.
1160 4622 1287 4694 dit-erip.
1303 4621 1462 4699 significari
1477 4620 1590 4677 videtur
1598 4621 1696 4677 rincu-

72 4730 144 4799 fuit,
165 4730 217 4803 qui
238 4746 334 4805 regem
352 4745 381 4783 se
397 4727 535 4802 appellari
546 4725 630 4799 jussit
644 4727 750 4801 olymp.
769 4723 830 4793 ιιθ,
849 4743 865 4779 a
913 4723 989 4791 lum,
1006 4738 1065 4793 quo
1083 4716 1167 4773 vestis
1189 4730 1312 4788 superne
1327 4713 1356 4813 ip
1377 4710 1468 4810 axillis
1487 4709 1697 4810 constringeba-

73 4819 164 4893 (ante
172 4816 241 4877 Chr.
253 4828 311 4875 nat.
327 4815 411 4890 306),
423 4827 451 4872 et
461 4816 534 4871 obiit
543 4816 649 4890 olymp.
660 4834 690 4891 p.
706 4820 759 4880 τοί.
776 4812 820 4889 (a.
834 4813 866 4872 C.
913 4820 971 4882 tur,
987 4809 1033 4873 cui
1044 4806 1106 4862 tuni
1121 4803 1189 4859 alias
1201 4801 1290 4857 fibula
1305 4793 1428 4877 [πορπαῇ
1443 4797 1619 4855 mserrrebat.
1641 4796 1698 4853 Sed

75 4903 161 4984 203).
175 4907 227 4961 His
242 4904 316 4961 adde
330 4903 421 4978 mind,
435 4922 523 4978 quum
541 4905 699 4959 Demetrius
710 4900 867 4958 secundum
913 4881 1598 4969 fortasselegeudumestdnptuacpultcsip,
1618 4883 1698 4958 quod
1743 4954 1749 4963 ι

460 5072 486 5119 t.
728 5090 731 5099 ·
1226 5051 1377 5107 PUTEUS.

912 5147 954 5199 Tu
965 5156 1039 5209 vero,
1052 5140 1169 5213 Syrisce,
1183 5136 1273 5194 meleu
1287 5136 1501 5208 hancsumptam

912 5228 982 5288 atter
993 5228 1031 5283 itti
1044 5229 1151 5298 otrotnt
1165 5225 1197 5282 ad
1210 5222 1379 5296 sepulcrum,
1391 5227 1400 5287 (
1410 5220 1607 5291 intelligisne&

914 5325 940 5374 et
956 5313 1084 5372 infundet

821 5010 900 5017 ......»
1086 5006 1158 5011 *⁶-
1205 5004 1211 5009 ·
1219 5002 1250 5008 ‘-

77 5183 219 5241 htuseario
233 5190 343 5253 sumpto
358 5181 411 5236 huc
424 5179 509 5235 adstn
