3917 5950
246 502 303 551 218
738 483 942 546 COMOEDlAE
963 481 1131 545 VETEiiiS
1151 483 1359 559 RELIQUIAE.

623 617 651 677 5.

285 731 387 788 Pollux
399 749 429 801 7,
453 732 508 804 195
521 748 527 784 :
542 715 592 784 εἶεν
606 726 630 784 δ’
644 726 676 783 ἄν
688 748 753 793 τινες
764 725 810 784 καλ
821 725 969 806 νεκροφόροι
984 724 1030 782 καὶ

245 826 349 897 ταφεῖς·
363 814 397 873 τὰ
412 817 436 872 δ’
449 815 492 874 ἐπὶ
507 812 606 881 τούτοις
622 813 731 872 ἀπὸτοῦ
746 812 914 893 πιπράσκειν.
929 813 985 872 ἔστι
997 811 1029 884 δὴ

245 904 326 962 εἰπεῖν
342 904 383 962 ίπ’
397 904 485 975 όηθῶν
504 900 534 960 τὸ
547 903 775 980 τιμιοπῶλαι,
798 902 930 979 εἰρηκότος
950 904 1028 980 Φρυ-

246 992 320 1072 νίχου
337 993 364 1049 όν
379 993 465 1069 Τραγ.

293 1110 332 1175 Σὺ
351 1099 386 1173 δὲ
401 1113 612 1200 τιμιοπώλης,
628 1114 668 1185 ὡς
686 1102 853 1200 Ᾱχιλλεὺς,
870 1097 956 1174 οὐδὲν
979 1102 1028 1188 εἷς.

247 1237 323 1308 καὶὴ
342 1263 354 1289 ι
370 1236 532 1316 παμπρασία
548 1263 561 1290 ν
580 1234 608 1295 ii
626 1235 671 1295 ίπλ
691 1238 744 1295 τῶν
764 1234 852 1296 πάντα
871 1236 1029 1296 πωλούντων

245 1324 360 1404 λέγεται.
378 1326 444 1385 illes.
462 1322 632 1406 πιπράσκειν.
648 1322 718 1384 ἔστιν
733 1323 759 1385 ll
778 1326 833 1386 είπ.
849 1325 892 1384 ἐπ’
901 1326 987 1384 αὐτῶν
1001 1325 1031 1384 τδ

245 1436 303 1488 τιμ.
313 1417 427 1489 Vulgeti
441 1414 508 1471 libri
518 1412 552 1472 τὰ
566 1412 588 1472 δ’
598 1413 643 1472 ἐπὶ
663 1417 708 1471 τοῦ
727 1435 818 1492 πιπρ,
836 1412 905 1473 ἔστιν
921 1416 974 1473 elit.
987 1415 1028 1472 ἐπ’

245 1505 331 1560 αὐτῶν
344 1502 374 1561 τὸ
387 1525 460 1581 τιμ.,
471 1521 569 1560 omnes
580 1514 675 1559 autem
687 1503 788 1558 vitiose
799 1499 857 1559 otti
876 1490 925 1574 είς,
937 1522 1031 1578 neque

244 1591 401 1649 audiendus
415 1589 536 1649 Casaub.
558 1590 595 1648 ad
612 1591 717 1650 Athen.
739 1590 770 1661 6,
790 1609 820 1666 p.
838 1608 907 1666 στρ,
927 1595 963 1662 Α,
980 1592 1031 1648 ubi

244 1681 303 1736 haee
317 1682 354 1736 itu
363 1677 479 1736 reddit:
494 1677 595 1734 Corios
609 1680 701 1734 vendis
714 1698 798 1753 quam
808 1680 881 1733 ullus
894 1679 1029 1734 Achilles.

247 1769 340 1823 Immo
364 1766 499 1822 laudatur
517 1765 620 1841 aliquis
640 1766 678 1820 ob
700 1784 813 1840 aequum
829 1767 955 1841 pretium
970 1767 1030 1836 rei,

244 1873 330 1928 quam
342 1856 466 1911 venalem
477 1854 595 1923 habuit,
609 1853 777 1928 dictumque
786 1851 949 1927 τιμιοπῶλης
958 1850 1032 1910 οὐδὲν

244 1961 299 2026 pro
312 1964 338 2001 ε.
354 1940 472 2014 οὐδενός,
494 1941 530 1998 ad
552 1941 671 1997 modum
693 1943 808 1998 illorum
829 1960 893 2016 quae
906 1952 1033 1998 recenset

245 2031 346 2086 itatth.
362 2031 413 2087 Gr.
429 2030 447 2106 §
461 2029 536 2104 324,
557 2039 652 2086 annot.
666 2028 798 2087 Ceterum
811 2029 850 2084 ita
868 2037 1031 2103 comparata

244 2130 309 2174 sunt
328 2121 416 2188 αηθων
430 2128 461 2174 et
476 2138 572 2188 αυτων,
584 2127 618 2172 ut
641 2118 724 2174 facile
745 2117 901 2192 permutari
915 2117 990 2170 inter
1003 2134 1032 2171 se

245 2207 373 2279 possint:
389 2224 418 2264 ν.
433 2205 551 2262 Βαοίιιιι.
567 2205 661 2260 indice
682 2204 882 2280 Lycophronis
903 2203 1030 2271 litterisp

245 2302 274 2348 et
289 2314 323 2361 υ,
338 2295 352 2348 θ
366 2302 395 2349 et
407 2313 433 2363 τ,
445 2303 500 2348 etc.
517 2289 628 2363 Ἀηθῶν,
646 2295 833 2361 insolitorum,
856 2292 1030 2362 nimiorum,

245 2380 442 2438 molestorum.
458 2404 470 2428 ι
480 2382 607 2436 Immune
617 2382 753 2454 pretium,
767 2398 826 2454 quo
840 2379 961 2435 Achilles
974 2379 1032 2436 lie-

246 2470 334 2525 ctoris
345 2486 452 2544 eorpus
460 2469 590 2524 vendidit
599 2470 712 2524 Priamo
721 2465 780 2546 (τὸν
788 2464 908 2544 Ἕκτορα
920 2463 1032 2522 ἐλύσατο

245 2555 350 2611 πολλῶν
368 2551 512 2630 κειμηλίων
526 2552 572 2611 καί
582 2554 753 2629 θαυμαστῶν,
768 2554 873 2611 AElian.
889 2555 928 2612 Η.
948 2556 983 2609 Α.
997 2554 1031 2622 6,

247 2641 284 2698 50
293 2638 314 2718 J,
330 2650 432 2696 notum
443 2650 485 2696 est
496 2657 531 2696 ex
547 2641 684 2696 Homero.
701 2664 713 2690 ν
733 2641 806 2694 EM.
819 2640 949 2696 Ceterum
961 2639 1028 2697 cod.

245 2731 391 2804 Jungerm.
406 2724 583 2804 τομιοπεόλης.
605 2728 726 2784 Bekkeri
740 2727 829 2783 editio
843 2723 878 2791 ῶς
889 2724 912 2802 γ’
925 2723 984 2804 Ἀχ.
996 2728 1031 2784 Η.

245 2817 347 2875 iacobi
363 2815 486 2892 conjecit
503 2811 614 2887 οὐδενός,
628 2817 649 2874 i.
665 2833 691 2876 e.
705 2816 747 2873 rei
760 2816 864 2872 nultius
882 2817 1029 2873 momenti.

623 2946 652 3003 6,

284 3062 442 3118 Priscianus
453 3061 523 3119 inst.
539 3077 660 3136 gramm.
675 3058 720 3128 ιθ,
730 3078 761 3134 p.
775 3067 832 3130 ²l7
850 3057 896 3116 ed.
911 3058 1030 3113 Kiehl:

245 3154 331 3204 Attici
341 3145 453 3226 πονηρὸς
465 3144 514 3217 τὴν
525 3145 632 3225 τίχνην.
646 3146 702 3224 Φρ.
714 3146 800 3224 Τραγ.

341 3302 390 3315 ·-
404 3261 513 3330 Δίτίαν
538 3264 603 3355 ἔχει

293 3369 419 3462 πονηρὸς
440 3364 513 3435 ιῖναι
533 3374 590 3445 τὴν
604 3370 727 3458 τέχνην.

245 3501 289 3555 De
305 3499 425 3554 formula
441 3495 527 3555 αἰτίαν
542 3495 611 3574 ἔχειν
626 3498 714 3556 Mein.
731 3496 856 3552 conferri
872 3496 954 3568 jussit
966 3514 1031 3551 ann.

247 3587 283 3642 ad
299 3588 432 3642 Pherecr.
448 3587 526 3644 Chir.
543 3586 579 3643 sr.
597 3591 626 3652 4.
642 3585 776 3660 scaligeri
790 3585 907 3640 collatio
922 3580 954 3639 ἂν
964 3583 1031 3639 ἐκεῖ·

244 3694 289 3729 νον
303 3663 320 3743 ἦ
334 3670 447 3748 πονηρὸς
462 3663 507 3728 εἶν’
523 3672 590 3749 ἀρνῇ
603 3669 707 3748 τέχνην,
719 3690 798 3745 quae,
814 3681 949 3746 corrupta
962 3672 1032 3726 mihi

244 3762 321 3830 visa,
340 3762 429 3820 Mein.
443 3762 498 3818 illis
515 3759 710 3818 substituenda
724 3778 783 3817 esse
806 3761 973 3836 suspicatur,
992 3762 1031 3817 sic

244 3870 279 3909 ea
292 3849 474 3910 conformans

324 3994 365 4027 ·,-
383 3960 449 4021 ’Eli
467 3962 573 4020 ίκεινονί

285 4046 399 4129 πονηρόν
413 4038 459 4106 τίν’
475 4050 541 4128 ἀρνῇ
554 4047 659 4127 τέχνην,

245 4188 257 4212 ι
272 4164 300 4218 Si
313 4164 398 4218 istum
409 4162 439 4218 in
452 4173 512 4219 arte
522 4179 574 4217 sua
590 4162 697 4217 melum
710 4179 768 4217 esse
781 4178 874 4235 neges.
888 4184 900 4212 ν

625 4292 652 4343 7.

284 4382 409 4444 Gramm.
420 4383 540 4440 Bekkeri
550 4387 605 4439 An.
621 4402 652 4459 p.
665 4383 738 4453 464,
753 4379 848 4449 litte:
866 4371 931 4448 εἶδος
945 4381 1028 4441 θυννί·

245 4470 304 4541 δος,
318 4468 351 4537 ἥν
362 4492 429 4536 τινες
441 4469 569 4549 κσρδθλην
583 4469 708 4548 λέγουσι.Ι
718 4469 774 4548 dp.
785 4470 871 4550 Τραγ.
886 4497 899 4520 ι
909 4470 972 4529 Καὶ
987 4469 1030 4526 τὲ-

246 4581 350 4636 μαχος
361 4557 504 4626 αθξίδος.
518 4587 530 4610 ι
543 4563 635 4637 Vulgo
649 4556 735 4630 αὔξις,
751 4554 868 4629 αὔξιδος,
881 4558 930 4616 sed
945 4556 1028 4625 αθξλς,

621 4733 647 4781 5.

244 4834 287 4889 Tu
298 4839 389 4887 autem
402 4831 486 4887 nimio
498 4832 600 4904 pretio,
615 4840 645 4887 ut
655 4833 790 4902 Achilles,
804 4833 872 4889 nihil
888 4831 990 4889 vendis.

625 4942 650 4990 6.

280 5018 458 5091 -Cuipatur

245 5104 333 5161 ιιιιίυι
346 5120 406 5162 esse
419 5103 523 5162 artifex.

626 5199 651 5247 8.

278 5326 313 5337 ν
327 5294 508 5366 Dispositione
523 5295 685 5351 υαιιιιίιιυιιι,

1076 614 1280 764 ορῦιξίδος,6ιιριιθ
1292 623 1408 681 Aristot.
1426 624 1463 680 ll.
1486 627 1521 681 A.
1538 625 1566 696 θ,
1585 627 1630 696 ιθ,
1645 639 1672 684 rt
1689 631 1845 692 Nicandrum

1112 717 1191 776 emi.
1213 729 1242 784 9.

1451 847 1480 909 8.

1117 971 1259 1045 Harpocr.
1277 993 1308 1048 p.
1339 972 1388 1045 57,
1418 972 1463 1046 15,
1485 969 1648 1042 Διόθεσις...
1670 978 1716 1035 καὶ
1739 981 1793 1039 ἀντὶ
1807 991 1846 1043 τοῦ

1076 1055 1200 1127 διοίκησις
1217 1058 1322 1125 δαθτδς
1339 1058 1561 1141 (Διιτίρλιοιι)ἐν
1582 1066 1620 1145 τῷ
1643 1065 1711 1142 Περὶ
1724 1068 1847 1142 ὁμονοίας,

1076 1171 1088 1197 ι
1106 1145 1175 1205 ἀλλὰ
1190 1145 1284 1215 εἰδότος
1294 1147 1343 1219 ‘tlt
1357 1148 1472 1208 διάθεσιν
1486 1149 1653 1213 ἀκούουσιν.ν
1668 1156 1725 1234 Φρ.
1739 1158 1764 1215 Τ
1766 1179 1818 1234 pop.

1173 1302 1223 1313 -
1239 1274 1284 1358 Τῇ
1303 1256 1437 1334 διαθέσει
1450 1275 1512 1336 τῶν
1529 1271 1620 1336 ἐπῶν.

1077 1426 1089 1454 ι
1103 1404 1237 1461 Similiter
1251 1405 1368 1481 Eupolis
1379 1407 1485 1466 Incert.
1501 1408 1536 1468 ir.
1553 1408 1579 1467 3.
1592 1432 1605 1459 ν
1616 1412 1660 1469 M.

1116 1593 1242 1650 PiiRYll
1248 1591 1325 1653 lCHI
1335 1592 1580 1653 lucraturum
1591 1596 1816 1656 reputentur

1348 1699 1585 1762 FRAGMENTA.

1456 1862 1482 1899 1.

1118 1972 1221 2029 Athen.
1238 1990 1265 2042 ο,
1280 1990 1308 2046 p.
1324 1977 1374 2046 ll,
1388 1973 1424 2028 D.
1442 1970 1585 2051 ὑδροπότης
1596 1972 1620 2029 δ’
1635 1965 1669 2044 ἦν
1678 1973 1724 2031 καὶ
1736 1974 1850 2053 Λάμπρος

1079 2061 1094 2116 δ
1108 2057 1248 2136 μουσικδς,
1259 2057 1319 2136 περὶ
1329 2050 1358 2117 σθ
1374 2057 1508 2139 Φρύνιχός
1519 2081 1583 2140 φησι

1128 2190 1238 2283 Λᾶρῦυς
1264 2185 1399 2281 (φρονῶ)
1424 2191 1558 2280 θρηνεῖν,
1584 2194 1613 2255 ἐν
1634 2187 1695 2257 οἷσι
1719 2193 1852 2285 Λάμπρος

1625 2299 1850 2374 ἐπαπέθνησκον,
1928 2313 1929 2322 ’

1127 2400 1277 2494 ἅνθρωπος
1302 2407 1341 2476 ὡς
1362 2394 1574 2485 ὑδατοπότης,
1594 2403 1724 2494 μινυρὸς,
1743 2409 1852 2497 uesper.

1739 2516 1853 2598 οντα,

1126 2619 1253 2679 Μουσῶν
1272 2614 1429 2694 σκελετὸς,
1451 2605 1587 2685 ἀηδόνων
1607 2614 1757 2696 ἠπίαλος,
1773 2621 1853 2709 ὕμνος

1757 2713 1852 2806 ᾍδου.

1078 2885 1167 2938 Versu
1200 2899 1212 2935 1
1248 2880 1417 2935 inseruimus
1445 2879 1549 2957 φρονῶ,
1581 2885 1687 2955 cogito,
1729 2885 1848 2950 arbitror,
1928 2915 1929 2944 1

1077 2970 1176 3039 credo,
1200 2979 1234 3024 ut
1253 2966 1411 3043 Sophocles
1429 2968 1531 3026 Tmoli.
1558 2966 1616 3024 266
1631 2986 1640 3028 ε
1655 2967 1746 3049 φρόνει
1771 2994 1808 3027 νιν
1824 2974 1854 3038 ὡς

1077 3056 1192 3133 ἥξοντα,
1206 3061 1349 3125 existima,
1378 3074 1440 3112 eum
1464 3052 1638 3127 adfuturum.
1656 3061 1689 3120 V.
1713 3061 1852 3138 Aristopl.

1078 3148 1202 3206 Aeliam.
1219 3144 1288 3216 333,
1304 3145 1429 3219 AEschyli
1456 3146 1533 3205 Pers.
1554 3146 1622 3219 734,
1642 3158 1699 3204 etc.
1722 3149 1855 3226 Φρονῶςι
1927 3182 1928 3215 η

1077 3246 1169 3292 metro
1191 3245 1221 3291 et
1249 3234 1391 3289 sententie
1414 3252 1495 3307 aeque
1516 3236 1702 3309 aptissimum.
1732 3237 1855 3294 Ridicule
1927 3272 1928 3289 .

1078 3322 1149 3379 dixit
1165 3317 1376 3391 immitiorem,
1388 3323 1429 3376 ad
1443 3321 1515 3392 hoc,
1527 3322 1586 3377 eive
1601 3335 1764 3396 praeterea,
1776 3327 1850 3391 obiit,

1078 3412 1244 3487 Lamprum,
1255 3428 1335 3484 aquae
1345 3418 1495 3484 potorem,
1507 3411 1582 3466 sieut
1594 3411 1714 3486 vixisse,
1730 3414 1771 3469 ita
1779 3415 1854 3469 etiem

1077 3519 1153 3555 nunc
1162 3508 1308 3554 mortuum
1317 3516 1376 3554 esse
1381 3498 1456 3554 inter
1461 3499 1547 3570 leros,
1554 3516 1620 3555 eves
1631 3502 1771 3573 aquatiles
1781 3502 1816 3577 (ν.
1823 3503 1854 3557 αθ

1078 3589 1224 3664 Aristoph.
1239 3590 1294 3649 Ar.
1311 3585 1583 3663 541),eignifieans.
1606 3589 1637 3643 V.
1657 3607 1675 3644 ο
1699 3589 1769 3645 libri
1787 3586 1852 3666 ἄνθρ.

1078 3674 1118 3735 θδ.
1134 3678 1273 3733 Hamtum
1285 3673 1432 3731 videretur
1445 3675 1480 3739 ῶς
1489 3674 1526 3731 ab
1538 3695 1575 3739 ος.
1585 3674 1715 3733 Erfurdt.
1731 3688 1761 3733 et
1774 3679 1852 3735 Mein.

1077 3762 1124 3823 ῶν.
1136 3765 1282 3821 Alterutro
1294 3763 1390 3818 vermi
1401 3781 1474 3837 opus
1487 3772 1539 3819 est.
1555 3762 1593 3821 V.
1607 3763 1624 3818 3
1642 3786 1656 3813 ι
1674 3763 1790 3822 Μουσῶν
1801 3786 1854 3821 σκι-

1077 3849 1159 3923 λιτδς,
1169 3851 1251 3927 quod
1263 3852 1391 3907 Muretus
1399 3853 1432 3910 V.
1441 3852 1473 3907 L.
1490 3869 1520 3925 9,
1534 3850 1565 3921 5,
1581 3852 1789 3927 interpretatur
1796 3855 1854 3909 Μυ-

1076 3941 1284 4015 somniandum
1295 3952 1323 3997 et
1331 3944 1499 3996 exsiccauaem
1512 3940 1642 4009 cadaver,
1653 3941 1765 3996 comice
1770 3939 1855 3997 dictus

1077 4030 1191 4087 videtur
1203 4031 1327 4087 musicus
1340 4030 1522 4098 macilentus,
1539 4029 1583 4086 vel
1597 4028 1635 4100 is,
1647 4035 1696 4104 qui
1715 4042 1802 4086 εαπιιι
1813 4050 1855 4087 mo

1076 4123 1191 4173 maciem
1201 4115 1296 4190 adfert
1306 4119 1413 4190 Μυσία,
1425 4117 1684 4193 quemadmodum,
1695 4118 1855 4177 observante

1077 4208 1147 4278 Eri,
1161 4204 1276 4276 ἀηδόνων
1291 4204 1400 4276 ἠπίαλος
1413 4213 1464 4281 qui
1473 4204 1603 4278 febriam
1610 4204 1693 4278 sarit
1708 4210 1854 4276 luscinias,

1076 4306 1105 4350 et
1118 4292 1226 4368 ὕμνος
1248 4291 1623 4372 ᾅδου,ριει’1ι]ιηηοιιιοίο
1641 4307 1759 4352 cantato
1772 4300 1856 4351 enicat

1075 4385 1223 4439 auciitotrs.
1240 4384 1285 4439 Sic
1298 4381 1441 4461 ὀφθαλμῶν
1453 4382 1598 4458 ἀλγηδόνας
1608 4383 1752 4459 (γυναῖκας
1767 4382 1854 4459 triplip-

1075 4468 1151 4549 φους)
1162 4470 1303 4527 Herodot.
1321 4471 1350 4542 5,
1366 4471 1413 4541 ιθ,
1427 4481 1456 4528 et
1476 4472 1512 4535 ὡς
1525 4469 1590 4527 εἰσὶν
1607 4470 1752 4548 ἀλγηδόνες
1764 4471 1854 4549 ὀφθαλ-

1075 4560 1131 4634 μῶν
1146 4558 1174 4615 αἱ
1188 4558 1314 4637 Περσίδες
1323 4559 1400 4635 apud
1410 4556 1594 4617 Plutarchum
1607 4563 1642 4621 V.
1654 4562 1738 4619 Alex.
1747 4581 1779 4637 p.
1791 4561 1853 4631 676,

1263 4742 1314 4795 EX
1334 4741 1500 4797 iNCERTlS
1517 4742 1682 4799 FABULlS.

1074 4949 1159 5003 Laroe
1181 4950 1315 5018 (opinor)
1330 4865 1489 5014 Ιιιιιοιιῑσίί,
1513 4946 1543 5004 in
1562 4946 1663 5020 quibus
1687 4947 1769 5004 σθιιηι
1793 4945 1854 5003 obiit

1074 5120 1173 5192 quippe
1193 5119 1276 5175 homo
1298 5134 1397 5192 equam
1412 5118 1524 5185 bibens,
1549 5037 1854 5193 minurimlffi

1737 5209 1853 5282 [pum

1075 5299 1216 5352 Musarum
1226 5295 1537 5363 sceletus,1usciniarum
1547 5293 1641 5361 felitis,
1651 5294 1852 5368 hymnorum.
