3917 5950
227 495 262 544 tt
719 471 926 533 COMOEDIAE
947 468 1112 529 verutus
1134 466 1341 539 uuttoutm.

592 628 654 679 ¹77·

268 727 348 784 Idem
357 727 398 781 ib.
410 744 442 799 p.
458 742 516 799 929
527 740 534 781 :
545 722 584 800 ἐρ’
597 710 619 798 ᾧ
631 742 696 779 τε...
711 716 756 776 καὶ
768 719 888 796 θριστικῷ
904 714 1014 773 ουντάο·

228 837 321 890 σεται,
338 812 383 871 καί
396 808 590 889 άπαρεμράτιρ.
605 807 769 877 Θουκυδίδης
791 808 840 881 ll,
858 807 895 862 30
906 804 928 880 ),
945 830 957 853 α
974 801 1013 882 ἐρ’

229 893 412 981 ᾧρυλακῇσῇ
427 896 520 976 μετρίορ
532 894 702 976 τηρήσονται.
720 921 732 946 ε
747 893 793 952 καὶ
808 895 860 971 Κρ.

278 1011 334 1105 Ep’
354 1011 378 1097 ᾧ
395 1009 425 1078 τ’
441 1015 573 1103 ἐμαυτὴν
591 1001 800 1102 συγκαθεύδειν
811 1018 856 1094 τῷ
872 1007 976 1097 πατρί.

231 1147 357 1202 Fortasse
371 1143 460 1197 verba
474 1142 608 1215 Pelopiae,
624 1159 686 1212 quae
708 1157 774 1195 cum
793 1138 914 1211 Thyeste
935 1147 1015 1212 patre

231 1232 387 1289 concubuit
404 1247 412 1289 ι
427 1249 456 1287 ν.
473 1230 580 1304 Hygia.
598 1228 668 1285 Fab.
685 1227 734 1297 87.

545 1340 610 1411 178.
637 1358 703 1413 179·

272 1456 353 1514 Idem
362 1456 420 1509 vol.
436 1473 465 1522 a,
476 1473 508 1528 p.
525 1453 612 1521 1168,
628 1448 717 1509 Κάθου
731 1446 777 1506 καλ
791 1446 892 1517 κάθησο
907 1469 914 1506 :
930 1444 1014 1524 ἀμρό·

232 1564 294 1619 τερα
309 1539 445 1610 ἑλληνικά,
460 1536 670 1619 Ἀριστοφάνης·
685 1538 747 1614 Οὐχ
755 1535 794 1593 ὅτι
806 1535 814 1614 ί
827 1534 892 1615 θπερ
905 1536 993 1591 blein.
1008 1535 1016 1608 )

233 1632 326 1693 ἐκεῖνος
338 1625 443 1706 ἔλαχεν·
454 1625 573 1703 οἰμώζων
588 1625 681 1686 κάθου.
695 1651 706 1677 ν
723 1628 775 1704 Κρ.

282 1746 346 1818 Τὴν
362 1750 448 1837 χεῖρα
468 1748 509 1835 μὴ
528 1738 683 1829 ’πίύαλλε,
701 1746 742 1833 μὴ
760 1739 863 1807 κλάων
879 1739 968 1829 κάθη.

235 1879 269 1931 Et
285 1876 384 1949 paucis
407 1874 562 1947 interjectis
580 1895 586 1929 ε
609 1873 713 1949 λέγουσι
734 1868 761 1928 δί
778 1869 824 1928 καί
839 1868 1016 1936 καθίζανε.

234 1961 442 2041 Φερεκράτης...
457 1964 509 2039 Κρ.

284 2081 321 2146 Εἰ
337 2090 456 2171 πρῶτος
473 2078 584 2162 ἔλθοις,
598 2076 650 2143 καὶ
663 2072 835 2155 καθίζεσθαι
850 2070 967 2153 λάθοις.

548 2209 615 2264 180.
641 2206 706 2262 181.

276 2322 356 2377 Idem
369 2324 409 2377 ib.
425 2342 454 2397 p.
471 2320 565 2378 1366:
589 2320 613 2376 οί
632 2316 745 2376 Ἀττικοί
767 2313 898 2392 μόλυύδον
912 2313 958 2371 καί
974 2335 1022 2389 μο-

236 2408 366 2467 λύύδινον·
381 2407 411 2466 τδ
421 2407 448 2466 δέ
462 2406 576 2485 μύλυὸον
593 2408 687 2486 [male
699 2408 767 2464 libri
778 2402 927 2481 μολυθοῧν)
940 2402 1021 2481 eqd·

238 2520 289 2563 τως
304 2495 449 2576 βάρύαρον.

286 2649 334 2661 -
350 2607 528 2705 ὸΦορμίων
543 2603 579 2677 δὲ
594 2617 670 2705 τρεῖς
685 2613 806 2682 στήσειν
819 2610 875 2699 ἔφη

289 2709 446 2811 τρίποδας,
461 2720 556 2784 ἔπειτ’
568 2719 672 2790 ἔθηκεν
686 2718 738 2782 ἕνα
755 2707 947 2807 μολύύδινον.

241 2849 294 2923 Κρ.

288 2962 456 3030 Φαίνεσθαι
473 2974 601 3057 χρυσῆν,
614 2958 630 2994 ’ί
643 2969 710 3029 κατ’
722 2959 827 3057 οίγρους
840 2954 871 3028 δ’
892 2958 971 3039 αὖθις
989 2958 1024 3027 αἱ

827 3060 1024 3161 μολυθδίνην.

240 3204 339 3276 Apage
352 3201 404 3256 ista
422 3196 482 3256 κατ’
496 3196 601 3278 άγρους,
614 3218 678 3275 quae
697 3200 794 3255 hicum
812 3199 943 3256 fecerunt
959 3199 1027 3252 viris

241 3288 347 3343 doctis!
365 3288 532 3343 Ponendum
544 3286 732 3366 κατάκρας,
742 3292 871 3362 penitus,
887 3287 1025 3359 funditus,

242 3395 304 3448 quae
322 3393 377 3430 νοκ
396 3378 484 3450 paulo
506 3379 600 3432 rarior
615 3377 738 3433 habetur
758 3375 835 3451 apud
853 3376 1027 3451 Sophoclem

242 3464 283 3518 Cf.
292 3463 374 3519 Iliad.
386 3464 432 3532 13,
444 3482 511 3534 772·
519 3462 648 3521 Phialam
659 3466 753 3539 specie
763 3483 889 3539 auream,
898 3483 929 3520 re
937 3474 1027 3518 totam

245 3551 429 3627 plumbeam,
444 3554 490 3607 rel
514 3553 624 3626 aliquid
643 3552 791 3625 ejusmodi,
806 3553 853 3610 Cr.
869 3552 964 3607 dicere
982 3553 1027 3605 vi·

243 3641 339 3697 detur.
354 3671 392 3681 -
410 3640 611 3697 Phormionem
630 3644 787 3716 intelligam
809 3642 925 3697 divitem
948 3643 1028 3696 illum

244 3730 457 3799 Adtcniensem,
473 3729 508 3785 de
525 3749 584 3803 quo
600 3732 803 3786 Demosthenes
819 3730 890 3787 Mid.
904 3750 934 3805 p.
958 3729 1026 3786 565.

244 3821 317 3873 Eum
333 3811 549 3892 intelligendum
570 3838 630 3874 esse
649 3822 733 3874 etiarn
750 3820 849 3892 blein,
862 3821 916 3874 nisi
934 3818 1027 3888 fallor,

244 3907 425 3973 existimavit,
438 3905 572 3979 supplens
582 3909 629 3962 ille
645 3910 770 3985 ἀργυροῦς
784 3904 923 3984 (τρίποδας
933 3903 952 3984 ).
968 3910 1029 3982 Ego

244 3993 343 4049 addidi
357 3995 409 4049 let
424 3990 463 4049 δί.
480 3994 600 4066 Codices
613 3992 755 4071 Φορμίων·
769 3994 848 4073 Τρεῖς
861 3995 910 4074 ίρη
924 3994 1029 4065 στήσειν

245 4102 285 4157 τρ.
301 4082 346 4138 Διί
355 4082 553 4156 Trophonium
564 4083 649 4139 refert
662 4085 749 4139 blein.

606 4196 672 4256 182.

285 4307 387 4362 Pollux
402 4326 431 4381 7,
450 4309 501 4364 ιθι
521 4328 527 4361 z
550 4305 710 4385 κεράμιον
734 4307 1030 4388 οίνηρδνἮρύδοτος

247 4390 291 4448 καί
306 4395 356 4473 Κρ.
376 4397 435 4451 Nisi
446 4396 502 4452 hoc
515 4396 696 4453 referendum
710 4397 747 4453 ad
761 4399 868 4473 Pytinae
881 4398 982 4474 fragm.
1001 4400 1030 4457 8.

513 4571 772 4597 -OOO-u-

610 4838 671 4886 177.

250 4914 469 4984 reconditione,
487 4925 519 4973 ut
528 4934 591 4974 cum
600 4920 906 4990 patteooncumberem.

612 5013 671 5062 178.

251 5096 322 5149 Cave
333 5108 445 5149 manum
459 5093 573 5166 injicias,
590 5111 624 5151 ne
635 5095 762 5150 considas
772 5095 889 5166 plorans.

614 5189 672 5238 179.
947 5182 1033 5249 [dum.

1421 596 1485 653 Vll.

1363 745 1542 812 CRATES.

1102 905 1243 963 Cratetem
1258 904 1474 968 Atheniensem,
1486 900 1607 971 antiquae
1618 896 1766 952 comoediae
1778 915 1854 970 poe·.

1063 1005 1136 1061 tam,
1168 993 1278 1051 Cratini
1309 992 1378 1046 olim
1409 989 1575 1044 histrionem
1602 986 1686 1040 fuisse
1713 996 1849 1039 testantur

1062 1082 1223 1136 scholiastes
1235 1078 1379 1152 Aristoph.
1393 1079 1447 1151 Eq.
1465 1076 1520 1142 534
1538 1096 1545 1129 τ
1572 1070 1712 1148 κωμῳδίας
1727 1062 1759 1140 ἦν
1773 1093 1849 1142 ποιη·

1063 1167 1124 1243 τὴς,
1139 1166 1166 1233 δς
1176 1170 1280 1245 πρῶτον
1297 1165 1453 1244 ὑπεκρίνατο
1464 1161 1530 1244 (τὰ)
1544 1161 1694 1239 Κρατίνου,
1709 1159 1755 1217 καί
1772 1158 1850 1224 αὐτὸς

1063 1255 1168 1334 ὕστερον
1188 1254 1298 1325 ποιητὴς
1313 1252 1431 1331 ίγίνετο,
1445 1264 1473 1309 et
1489 1257 1655 1324 Anonymns
1678 1252 1721 1306 De
1737 1269 1848 1306 comte·

1064 1346 1112 1403 dia
1125 1365 1155 1420 p.
1172 1365 1212 1401 xv
1225 1363 1233 1402 ε
1248 1347 1339 1400 τοῦτον
1351 1338 1494 1419 ὑποκριτήν
1513 1361 1576 1413 quot
1589 1336 1722 1414 γεγονέναι
1735 1337 1765 1395 τὸ
1776 1341 1849 1415 πρῶ·

1063 1456 1123 1507 τον,
1138 1432 1165 1498 θς
1179 1431 1338 1503 ἐπιύίόληκε
1353 1429 1487 1508 Κρατίνῳ.
1503 1427 1669 1503 Olympiadi
1684 1429 1850 1497 Lxxxfln

1066 1531 1081 1589 l.
1100 1524 1273 1579 adscribitur
1284 1523 1321 1578 ab
1343 1521 1484 1588 Eusebio,
1499 1538 1558 1591 quo
1574 1536 1650 1573 anno
1661 1518 1785 1591 primam
1806 1518 1850 1573 ία-

1065 1613 1162 1667 bulam
1184 1612 1292 1670 docuit.
1317 1611 1446 1684 Singulos
1458 1609 1587 1663 homines
1608 1605 1762 1661 lacessendi
1778 1625 1850 1661 con-

1065 1700 1242 1755 suetudinem
1264 1700 1312 1754 ille
1325 1699 1384 1753 fere
1412 1697 1519 1767 omisit,
1540 1696 1643 1749 hilaria
1660 1696 1750 1769 magis
1769 1695 1851 1750 etad

1065 1790 1269 1864 generaliorem
1287 1804 1401 1842 morum
1418 1787 1562 1860 picturam
1576 1785 1749 1858 pertinentia
1765 1803 1853 1858 argu-

1066 1888 1161 1933 menta
1182 1877 1348 1951 praeferens,
1363 1873 1475 1930 καθόλου
1489 1870 1580 1946 λόγους
1598 1869 1615 1939 il
1630 1871 1742 1945 μύθους,
1756 1884 1789 1928 ut
1810 1876 1853 1929 lo·

1067 1966 1165 2036 quitur
1180 1964 1345 2019 Aristotcles
1361 1966 1421 2018 Art.
1435 1964 1516 2018 Poet.
1533 1979 1596 2034 cap.
1621 1959 1650 2031 5,
1672 1980 1689 2015 a
1708 1961 1854 2016 hleinekio
1873 1956 1876 1961 ’

1069 2053 1140 2109 Hist.
1158 2053 1221 2109 crit.
1238 2070 1269 2125 p.
1288 2048 1382 2123 59-60
1395 2051 1503 2124 optime
1516 2049 1668 2122 expositus.
1684 2051 1854 2121 Anonymus

1068 2140 1166 2211 etiam,
1178 2140 1213 2196 de
1224 2136 1395 2196 Pherecrate
1411 2138 1552 2211 loquens,
1565 2137 1683 2194 Cratetis
1700 2137 1855 2207 imitatore,

1067 2247 1098 2303 p.
1115 2248 1154 2285 xv
1179 2249 1185 2283 :
1202 2225 1317 2296 ἐζήλωκε
1332 2225 1477 2305 Κράτητα,
1494 2222 1540 2283 καί
1557 2215 1591 2282 αθ
1605 2229 1650 2282 τοῦ
1668 2223 1716 2301 μὲν
1728 2226 1854 2302 λοιδορεῖν

1070 2314 1185 2386 ἀπέστη,
1204 2314 1350 2394 πράγματα
1365 2313 1392 2372 δί
1407 2312 1591 2389 εἰσηγούμενος
1604 2310 1684 2370 καινά
1703 2312 1854 2387 ηὐδοκίμει,

1069 2400 1855 2481 γενόμενοςεὺρετικὸςμύθων.Εοάειυῑεεῑε,ἰῑεῐιιΑῑίιειικο

1074 2513 1119 2564 ιο,
1136 2514 1166 2568 p.
1191 2500 1259 2568 429,
1281 2498 1316 2561 A,
1333 2495 1443 2567 primus
1460 2501 1524 2566 post
1543 2492 1747 2565 Epicharmum
1761 2492 1857 2550 Crates

1071 2583 1166 2638 ebrios
1180 2583 1331 2638 induxerat
1346 2583 1376 2635 in
1396 2579 1501 2637 Γείτοσι
1526 2581 1631 2638 sabula.
1654 2581 1706 2635 llle
1725 2598 1793 2635 eum
1813 2601 1858 2655 γε-

1071 2668 1140 2726 λοῖον
1150 2668 1195 2726 καί
1206 2666 1295 2746 ἱλαρὸν
1302 2681 1415 2743 poetam
1426 2677 1519 2724 vocat.
1528 2668 1732 2742 Aristophanes
1740 2685 1858 2740 quoqne

1071 2759 1166 2813 verbis
1181 2759 1246 2813 licet
1267 2758 1363 2830 aliquo
1386 2757 1486 2814 ironiae
1504 2757 1602 2812 colore
1618 2758 1737 2831 aspersis
1759 2755 1858 2812 laudat

1072 2859 1183 2913 tamen,
1198 2847 1292 2918 Equit.
1309 2843 1366 2900 538
1381 2865 1388 2898 τ

1111 2954 1138 3023 ὃς
1149 2953 1201 3013 ἀπὸ
1212 2961 1325 3034 σμικρᾶς
1337 2953 1454 3025 δαπάνης
1465 2956 1532 3030 ὑμᾶς
1542 2952 1680 3033 ἀριστίζων
1691 2950 1858 3030 ἀπέπεμπεν,

1112 3042 1165 3102 ἀπὸ
1187 3041 1373 3123 κραμὸοτάτου
1397 3041 1526 3118 στόματος
1554 3041 1660 3119 μάττων
1686 3042 1858 3109 ἀστειοτάτας

1731 3132 1856 3195 ἐπινοίας.

1073 3249 1130 3304 Ubi
1139 3249 1247 3304 scholia
1264 3268 1270 3302 z
1284 3245 1437 3323 ὀλιγόστιχα
1450 3244 1588 3318 ποιήματα
1601 3243 1713 3324 γράψας·
1728 3258 1758 3301 et
1773 3266 1778 3300 :
1797 3267 1858 3320 σμι-

1072 3331 1123 3413 κρά
1137 3332 1227 3404 ἐποίει,
1237 3332 1283 3390 καί
1293 3333 1386 3410 ἔτερπε
1399 3329 1458 3398 τοὺς
1470 3329 1611 3410 ἀκροατάς,
1624 3333 1732 3410 γράφων
1745 3330 1820 3401 ἦδάα·
1832 3348 1861 3389 et

1073 3419 1258 3497 κραμύοτάτου
1282 3442 1288 3478 :
1314 3419 1461 3492 ηδυτάτου,
1487 3417 1663 3497 ξηροτάτου...
1693 3420 1862 3498 αὐτοσχέδιος

1074 3507 1124 3586 γάρ
1138 3499 1169 3579 ἦν
1181 3508 1241 3588 περὶ
1250 3506 1284 3565 τά
1299 3505 1441 3587 δράματα,
1454 3511 1527 3563 sicut
1538 3510 1742 3582 Aristophanes
1757 3511 1786 3563 in
1796 3512 1863 3565 alte·

1076 3600 1112 3652 ris
1127 3598 1425 3673 'lhesmophoriazusis
1445 3615 1552 3653 novum
1575 3598 1724 3670 quoddam
1744 3598 1862 3653 Cratetis

1076 3686 1220 3740 inventurn
1244 3681 1480 3762 παραύεύλημένον
1496 3684 1574 3741 dicit.
1593 3687 1808 3752 Verumtamen,
1832 3698 1863 3740 ut

1075 3785 1183 3829 ceteros
1195 3773 1253 3830 fere
1265 3783 1365 3847 poetas
1380 3773 1518 3841 comicos,
1536 3774 1575 3830 ita
1589 3773 1730 3827 Cratetem
1746 3791 1862 3847 quoque

1075 3863 1219 3935 popularis
1229 3881 1304 3918 aurae
1317 3863 1531 3917 inconstantiam
1542 3871 1690 3935 expertum
1702 3880 1762 3917 esse
1782 3865 1863 3936 signi-

1075 3948 1141 4005 ficat
1151 3951 1352 4024 Aristophanes
1364 3952 1417 4023 Eq.
1433 3948 1488 4019 537
1506 3968 1513 4003 z

1116 4059 1171 4127 οίας
1183 4060 1211 4119 δὲ
1227 4061 1334 4141 Κράτης
1348 4059 1426 4139 ὀργάς
1439 4063 1512 4137 ὑμῶν
1525 4058 1653 4138 ἠνέσχετο
1672 4061 1718 4118 καὶ
1734 4065 1862 4140 οτυρελι-

1775 4151 1862 4227 ereis·

1078 4276 1106 4319 et
1119 4264 1176 4331 540
1194 4284 1201 4318 ε

1117 4365 1209 4453 Ιγοίίτος
1217 4372 1306 4452 μέντοι
1319 4374 1547 4453 μόνοςάντήρκει,
1560 4373 1618 4432 τοτὲ
1630 4373 1678 4449 μὲν
1689 4375 1798 4434 πίπτων
1809 4379 1864 4436 τοτὲ

1758 4466 1781 4521 δ’
1796 4467 1863 4544 οὐχί.

1079 4578 1137 4634 Ubi
1157 4578 1236 4651 quod
1259 4579 1423 4634 scholiastes
1436 4589 1533 4634 narrat
1554 4579 1694 4635 Cratetem
1715 4581 1866 4656 largitione

1080 4678 1270 4741 spectatorum
1291 4668 1465 4723 voluntatem
1486 4677 1512 4723 et
1532 4668 1699 4741 applausum
1713 4670 1769 4724 sibi
1785 4671 1865 4726 rede

1443 4839 1501 4888 teo.

1082 4919 1213 4976 Phormio
1227 4896 1477 4990 nestatgenteos)
1493 4934 1523 4974 se
1539 4917 1741 4975 collocaveram
1757 4935 1816 4976 esse
1829 4920 1866 4975 di·

1584 5009 1589 5020 “
1791 5008 1865 5064 rebat

1082 5094 1209 5166 tripodas,
1223 5091 1321 5148 deinde
1330 5109 1418 5149 unum
1428 5092 1521 5149 statuit
1534 5090 1702 5163 plurttbeum.
1775 5010 1783 5075 Ι

1447 5187 1491 5234 181
1500 5222 1505 5232 .

252 5269 279 5325 Si
294 5268 396 5341 peintus
406 5271 533 5339 venisses
547 5270 628 5326 etiam
638 5270 726 5327 locum
741 5275 885 5341 reperisses
893 5270 925 5326 ad
939 5270 1034 5327 seden-
1059 5273 1062 5328 l
1085 5278 1217 5342 Apparere
1232 5285 1352 5334 auream,
1366 5266 1428 5324 dein
1444 5284 1536 5323 rursus
1548 5275 1631 5323 totam
1645 5265 1813 5338 plumbeam.
