<?xml version="1.0" encoding="UTF-8"?>
<!DOCTYPE html PUBLIC "-//W3C//DTD XHTML 1.0 Transitional//EN"
    "http://www.w3.org/TR/xhtml1/DTD/xhtml1-transitional.dtd">
<html xmlns="http://www.w3.org/1999/xhtml" xml:lang="en" lang="en">
 <head>
  <title>
</title>
<meta http-equiv="Content-Type" content="text/html;charset=utf-8" />
  <meta name='ocr-system' content='tesseract 3.04.00' />
  <meta name='ocr-capabilities' content='ocr_page ocr_carea ocr_par ocr_line ocrx_word'/>
</head>
<body>
  <div class='ocr_page' id='page_1' title='image "./poetarumcomicor00hunzgoog_0015.png"; bbox 0 0 3917 5950; ppageno 0'>
   <div class='ocr_carea' id='block_1_1' title="bbox 770 706 1546 770">
    <p class='ocr_par' dir='ltr' id='par_1_1' title="bbox 770 706 1546 770">
     <span class='ocr_line' id='line_1_1' title="bbox 770 706 1546 770; baseline 0.005 -6"><span class='ocrx_word' id='word_1_1' title='bbox 770 706 987 766; x_wconf 76' lang='lat' dir='ltr'><strong>PRAEFATIO.</strong></span> <span class='ocrx_word' id='word_1_2' title='bbox 1500 726 1546 770; x_wconf 83' lang='lat' dir='ltr'><strong>vu</strong></span> 
     </span>
    </p>
   </div>
   <div class='ocr_carea' id='block_1_2' title="bbox 118 834 1615 5219">
    <p class='ocr_par' dir='ltr' id='par_1_2' title="bbox 118 834 1615 5219">
     <span class='ocr_line' id='line_1_2' title="bbox 216 834 1546 933; baseline 0.004 -30"><span class='ocrx_word' id='word_1_3' title='bbox 216 834 422 931; x_wconf 76' lang='lat' dir='ltr'><strong>parcissime</strong></span> <span class='ocrx_word' id='word_1_4' title='bbox 439 852 587 906; x_wconf 90' lang='lat' dir='ltr'><strong>narrant</strong></span> <span class='ocrx_word' id='word_1_5' title='bbox 603 860 671 906; x_wconf 90' lang='lat' dir='ltr'><strong>nec</strong></span> <span class='ocrx_word' id='word_1_6' title='bbox 686 837 780 906; x_wconf 92' lang='lat' dir='ltr'><strong>inter</strong></span> <span class='ocrx_word' id='word_1_7' title='bbox 794 860 832 905; x_wconf 88' lang='lat' dir='ltr'><strong>se</strong></span> <span class='ocrx_word' id='word_1_8' title='bbox 846 838 1094 907; x_wconf 88' lang='lat' dir='ltr'><strong>consentiunt.</strong></span> <span class='ocrx_word' id='word_1_9' title='bbox 1113 837 1323 908; x_wconf 79' lang='lat' dir='ltr'><strong>Effloruerat</strong></span> <span class='ocrx_word' id='word_1_10' title='bbox 1338 854 1458 909; x_wconf 87' lang='lat' dir='ltr'><strong>autent</strong></span> <span class='ocrx_word' id='word_1_11' title='bbox 1471 837 1546 933; x_wconf 87' lang='lat' dir='ltr'><strong>jam</strong></span> 
     </span>
     <span class='ocr_line' id='line_1_3' title="bbox 216 958 1546 1058; baseline 0.001 -27"><span class='ocrx_word' id='word_1_12' title='bbox 216 959 342 1031; x_wconf 79' lang='lat' dir='ltr'><strong>Persici</strong></span> <span class='ocrx_word' id='word_1_13' title='bbox 359 958 451 1029; x_wconf 88' lang='lat' dir='ltr'><strong>belli</strong></span> <span class='ocrx_word' id='word_1_14' title='bbox 468 959 709 1055; x_wconf 80' lang='lat' dir='ltr'><strong>temporibus,</strong></span> <span class='ocrx_word' id='word_1_15' title='bbox 728 973 764 1029; x_wconf 89' lang='lat' dir='ltr'><strong>et</strong></span> <span class='ocrx_word' id='word_1_16' title='bbox 785 974 870 1029; x_wconf 89' lang='lat' dir='ltr'><strong>ante</strong></span> <span class='ocrx_word' id='word_1_17' title='bbox 885 961 1072 1031; x_wconf 77' lang='lat' dir='ltr'><strong>Cratinum</strong></span> <span class='ocrx_word' id='word_1_18' title='bbox 1091 961 1219 1031; x_wconf 69' lang='lat' dir='ltr'><strong>fabular</strong></span> <span class='ocrx_word' id='word_1_19' title='bbox 1244 960 1381 1058; x_wconf 77' lang='lat' dir='ltr'><strong>aliquot</strong></span> <span class='ocrx_word' id='word_1_20' title='bbox 1402 961 1546 1058; x_wconf 75' lang='lat' dir='ltr'><strong>prodie-</strong></span> 
     </span>
     <span class='ocr_line' id='line_1_4' title="bbox 216 1081 1547 1181; baseline 0.004 -31"><span class='ocrx_word' id='word_1_21' title='bbox 216 1096 314 1167; x_wconf 90' lang='lat' dir='ltr'><strong>runt,</strong></span> <span class='ocrx_word' id='word_1_22' title='bbox 329 1092 424 1178; x_wconf 84' lang='lat' dir='ltr'><strong>quas</strong></span> <span class='ocrx_word' id='word_1_23' title='bbox 441 1097 586 1179; x_wconf 86' lang='lat' dir='ltr'><strong>postera</strong></span> <span class='ocrx_word' id='word_1_24' title='bbox 602 1096 686 1152; x_wconf 84' lang='lat' dir='ltr'><strong>ratas</strong></span> <span class='ocrx_word' id='word_1_25' title='bbox 702 1081 888 1153; x_wconf 82' lang='lat' dir='ltr'><strong>oblivione</strong></span> <span class='ocrx_word' id='word_1_26' title='bbox 908 1107 983 1153; x_wconf 91' lang='lat' dir='ltr'><strong>non</strong></span> <span class='ocrx_word' id='word_1_27' title='bbox 1011 1082 1155 1155; x_wconf 83' lang='lat' dir='ltr'><strong>delerit.</strong></span> <span class='ocrx_word' id='word_1_28' title='bbox 1182 1091 1225 1154; x_wconf 93' lang='lat' dir='ltr'><strong>At</strong></span> <span class='ocrx_word' id='word_1_29' title='bbox 1240 1098 1342 1181; x_wconf 89' lang='lat' dir='ltr'><strong>pater</strong></span> <span class='ocrx_word' id='word_1_30' title='bbox 1361 1085 1547 1155; x_wconf 71' lang='lat' dir='ltr'><strong>contradite</strong></span> 
     </span>
     <span class='ocr_line' id='line_1_5' title="bbox 214 1203 1542 1299; baseline 0.002 -26"><span class='ocrx_word' id='word_1_31' title='bbox 214 1226 325 1298; x_wconf 70' lang='lat' dir='ltr'><strong>greco</strong></span> <span class='ocrx_word' id='word_1_32' title='bbox 342 1204 496 1299; x_wconf 76' lang='lat' dir='ltr'><strong>ingenio</strong></span> <span class='ocrx_word' id='word_1_33' title='bbox 513 1204 630 1296; x_wconf 68' lang='lat' dir='ltr'><strong>digm</strong></span> <span class='ocrx_word' id='word_1_34' title='bbox 645 1203 838 1275; x_wconf 86' lang='lat' dir='ltr'><strong>habendus</strong></span> <span class='ocrx_word' id='word_1_35' title='bbox 860 1219 915 1276; x_wconf 88' lang='lat' dir='ltr'><strong>est</strong></span> <span class='ocrx_word' id='word_1_36' title='bbox 941 1206 1128 1292; x_wconf 85' lang='lat' dir='ltr'><strong>Cratinus,</strong></span> <span class='ocrx_word' id='word_1_37' title='bbox 1147 1229 1222 1276; x_wconf 89' lang='lat' dir='ltr'><strong>non</strong></span> <span class='ocrx_word' id='word_1_38' title='bbox 1247 1206 1412 1292; x_wconf 83' lang='lat' dir='ltr'><strong>Susario,</strong></span> <span class='ocrx_word' id='word_1_39' title='bbox 1436 1207 1542 1277; x_wconf 89' lang='lat' dir='ltr'><strong>sicuti</strong></span> 
     </span>
     <span class='ocr_line' id='line_1_6' title="bbox 217 1325 1548 1423; baseline 0.002 -28"><span class='ocrx_word' id='word_1_40' title='bbox 217 1325 414 1421; x_wconf 73' lang='lat' dir='ltr'><strong>tragoediaa,</strong></span> <span class='ocrx_word' id='word_1_41' title='bbox 428 1351 505 1397; x_wconf 88' lang='lat' dir='ltr'><strong>non</strong></span> <span class='ocrx_word' id='word_1_42' title='bbox 518 1326 685 1420; x_wconf 86' lang='lat' dir='ltr'><strong>Thespis,</strong></span> <span class='ocrx_word' id='word_1_43' title='bbox 712 1326 775 1397; x_wconf 86' lang='lat' dir='ltr'><strong>sed</strong></span> <span class='ocrx_word' id='word_1_44' title='bbox 790 1326 990 1421; x_wconf 79' lang='lat' dir='ltr'><strong>AEschylus.</strong></span> <span class='ocrx_word' id='word_1_45' title='bbox 1010 1331 1170 1423; x_wconf 81' lang='lat' dir='ltr'><strong>Uterque</strong></span> <span class='ocrx_word' id='word_1_46' title='bbox 1191 1343 1297 1423; x_wconf 89' lang='lat' dir='ltr'><strong>poeta</strong></span> <span class='ocrx_word' id='word_1_47' title='bbox 1315 1342 1427 1398; x_wconf 90' lang='lat' dir='ltr'><strong>artem</strong></span> <span class='ocrx_word' id='word_1_48' title='bbox 1444 1343 1478 1399; x_wconf 89' lang='lat' dir='ltr'><strong>et</strong></span> <span class='ocrx_word' id='word_1_49' title='bbox 1495 1329 1548 1397; x_wconf 91' lang='lat' dir='ltr'><strong>iu·</strong></span> 
     </span>
     <span class='ocr_line' id='line_1_7' title="bbox 215 1449 1545 1546; baseline 0.002 -27"><span class='ocrx_word' id='word_1_50' title='bbox 215 1449 357 1519; x_wconf 84' lang='lat' dir='ltr'><strong>choavit</strong></span> <span class='ocrx_word' id='word_1_51' title='bbox 379 1463 415 1519; x_wconf 90' lang='lat' dir='ltr'><strong>et</strong></span> <span class='ocrx_word' id='word_1_52' title='bbox 438 1450 605 1545; x_wconf 75' lang='lat' dir='ltr'><strong>perfecit,</strong></span> <span class='ocrx_word' id='word_1_53' title='bbox 630 1451 678 1519; x_wconf 91' lang='lat' dir='ltr'><strong>ita</strong></span> <span class='ocrx_word' id='word_1_54' title='bbox 697 1464 737 1519; x_wconf 93' lang='lat' dir='ltr'><strong>ut</strong></span> <span class='ocrx_word' id='word_1_55' title='bbox 757 1449 956 1545; x_wconf 80' lang='lat' dir='ltr'><strong>aequalibus</strong></span> <span class='ocrx_word' id='word_1_56' title='bbox 979 1465 1015 1519; x_wconf 87' lang='lat' dir='ltr'><strong>et</strong></span> <span class='ocrx_word' id='word_1_57' title='bbox 1035 1451 1188 1545; x_wconf 85' lang='lat' dir='ltr'><strong>posteris</strong></span> <span class='ocrx_word' id='word_1_58' title='bbox 1215 1450 1462 1546; x_wconf 78' lang='lat' dir='ltr'><strong>relinquerent</strong></span> <span class='ocrx_word' id='word_1_59' title='bbox 1495 1452 1545 1522; x_wconf 91' lang='lat' dir='ltr'><strong>illi</strong></span> 
     </span>
     <span class='ocr_line' id='line_1_8' title="bbox 214 1552 1545 1669; baseline 0.002 -26"><span class='ocrx_word' id='word_1_60' title='bbox 214 1572 365 1669; x_wconf 89' lang='lat' dir='ltr'><strong>quidem</strong></span> <span class='ocrx_word' id='word_1_61' title='bbox 377 1574 505 1659; x_wconf 78' lang='lat' dir='ltr'><strong>varias,</strong></span> <span class='ocrx_word' id='word_1_62' title='bbox 514 1597 579 1668; x_wconf 91' lang='lat' dir='ltr'><strong>pro</strong></span> <span class='ocrx_word' id='word_1_63' title='bbox 589 1562 796 1643; x_wconf 79' lang='lat' dir='ltr'><strong>diversitate</strong></span> <span class='ocrx_word' id='word_1_64' title='bbox 806 1572 951 1657; x_wconf 87' lang='lat' dir='ltr'><strong>indolis,</strong></span> <span class='ocrx_word' id='word_1_65' title='bbox 964 1573 1306 1668; x_wconf 80' lang='lat' dir='ltr'><strong>singula&#39;eacolendi</strong></span> <span class='ocrx_word' id='word_1_66' title='bbox 1322 1575 1408 1659; x_wconf 83' lang='lat' dir='ltr'><strong>vias,</strong></span> <span class='ocrx_word' id='word_1_67' title='bbox 1421 1552 1545 1645; x_wconf 81' lang='lat' dir='ltr'><strong>rernm</strong></span> 
     </span>
     <span class='ocr_line' id='line_1_9' title="bbox 214 1693 1544 1791; baseline 0.001 -27"><span class='ocrx_word' id='word_1_68' title='bbox 214 1693 255 1764; x_wconf 83' lang='lat' dir='ltr'><strong>ad</strong></span> <span class='ocrx_word' id='word_1_69' title='bbox 277 1695 397 1790; x_wconf 85' lang='lat' dir='ltr'><strong>ipsam</strong></span> <span class='ocrx_word' id='word_1_70' title='bbox 419 1695 505 1765; x_wconf 87' lang='lat' dir='ltr'><strong>artis</strong></span> <span class='ocrx_word' id='word_1_71' title='bbox 529 1718 709 1765; x_wconf 88' lang='lat' dir='ltr'><strong>summam</strong></span> <span class='ocrx_word' id='word_1_72' title='bbox 727 1693 921 1788; x_wconf 86' lang='lat' dir='ltr'><strong>adjiciendi</strong></span> <span class='ocrx_word' id='word_1_73' title='bbox 948 1693 1153 1765; x_wconf 87' lang='lat' dir='ltr'><strong>facultatem</strong></span> <span class='ocrx_word' id='word_1_74' title='bbox 1176 1694 1424 1791; x_wconf 83' lang='lat' dir='ltr'><strong>praeciderent.</strong></span> <span class='ocrx_word' id='word_1_75' title='bbox 1454 1701 1544 1791; x_wconf 83' lang='lat' dir='ltr'><strong>Ergo</strong></span> 
     </span>
     <span class='ocr_line' id='line_1_10' title="bbox 214 1804 1547 1913; baseline 0.002 -28"><span class='ocrx_word' id='word_1_76' title='bbox 214 1830 291 1910; x_wconf 85' lang='lat' dir='ltr'><strong>post</strong></span> <span class='ocrx_word' id='word_1_77' title='bbox 308 1817 489 1911; x_wconf 78' lang='lat' dir='ltr'><strong>Magnetis</strong></span> <span class='ocrx_word' id='word_1_78' title='bbox 507 1804 676 1902; x_wconf 71' lang='lat' dir='ltr'><strong>leuiores,</strong></span> <span class='ocrx_word' id='word_1_79' title='bbox 698 1831 740 1886; x_wconf 89' lang='lat' dir='ltr'><strong>ut</strong></span> <span class='ocrx_word' id='word_1_80' title='bbox 757 1814 909 1902; x_wconf 86' lang='lat' dir='ltr'><strong>videtur,</strong></span> <span class='ocrx_word' id='word_1_81' title='bbox 926 1815 1069 1886; x_wconf 81' lang='lat' dir='ltr'><strong>facetias</strong></span> <span class='ocrx_word' id='word_1_82' title='bbox 1086 1818 1253 1886; x_wconf 81' lang='lat' dir='ltr'><strong>Cratinus</strong></span> <span class='ocrx_word' id='word_1_83' title='bbox 1270 1817 1440 1913; x_wconf 83' lang='lat' dir='ltr'><strong>produxit</strong></span> <span class='ocrx_word' id='word_1_84' title='bbox 1459 1826 1547 1887; x_wconf 79' lang='lat' dir='ltr'><strong>auti·</strong></span> 
     </span>
     <span class='ocr_line' id='line_1_11' title="bbox 212 1936 1547 2034; baseline 0.003 -30"><span class='ocrx_word' id='word_1_85' title='bbox 212 1960 311 2031; x_wconf 76' lang='lat' dir='ltr'><strong>param</strong></span> <span class='ocrx_word' id='word_1_86' title='bbox 330 1961 415 2032; x_wconf 82' lang='lat' dir='ltr'><strong>quae</strong></span> <span class='ocrx_word' id='word_1_87' title='bbox 428 1936 564 2008; x_wconf 90' lang='lat' dir='ltr'><strong>dicitur</strong></span> <span class='ocrx_word' id='word_1_88' title='bbox 583 1936 818 2024; x_wconf 87' lang='lat' dir='ltr'><strong>coruoediam,</strong></span> <span class='ocrx_word' id='word_1_89' title='bbox 842 1937 952 2007; x_wconf 89' lang='lat' dir='ltr'><strong>idest</strong></span> <span class='ocrx_word' id='word_1_90' title='bbox 973 1936 1154 2031; x_wconf 86' lang='lat' dir='ltr'><strong>ejusmodi</strong></span> <span class='ocrx_word' id='word_1_91' title='bbox 1179 1962 1325 2033; x_wconf 87' lang='lat' dir='ltr'><strong>poema,</strong></span> <span class='ocrx_word' id='word_1_92' title='bbox 1350 1939 1456 2034; x_wconf 89' lang='lat' dir='ltr'><strong>quale</strong></span> <span class='ocrx_word' id='word_1_93' title='bbox 1482 1964 1547 2009; x_wconf 84' lang='lat' dir='ltr'><strong>uos</strong></span> 
     </span>
     <span class='ocr_line' id='line_1_12' title="bbox 213 2058 1547 2159; baseline 0.001 -30"><span class='ocrx_word' id='word_1_94' title='bbox 213 2058 337 2147; x_wconf 88' lang='lat' dir='ltr'><strong>hodie,</strong></span> <span class='ocrx_word' id='word_1_95' title='bbox 351 2060 421 2131; x_wconf 90' lang='lat' dir='ltr'><strong>uisi</strong></span> <span class='ocrx_word' id='word_1_96' title='bbox 436 2059 713 2156; x_wconf 78' lang='lat' dir='ltr'><strong>Aristophanem</strong></span> <span class='ocrx_word' id='word_1_97' title='bbox 727 2059 843 2154; x_wconf 81' lang='lat' dir='ltr'><strong>legere</strong></span> <span class='ocrx_word' id='word_1_98' title='bbox 857 2059 1013 2146; x_wconf 90' lang='lat' dir='ltr'><strong>daretur,</strong></span> <span class='ocrx_word' id='word_1_99' title='bbox 1028 2061 1085 2131; x_wconf 84' lang='lat' dir='ltr'><strong>vix</strong></span> <span class='ocrx_word' id='word_1_100' title='bbox 1098 2076 1219 2132; x_wconf 89' lang='lat' dir='ltr'><strong>mente</strong></span> <span class='ocrx_word' id='word_1_101' title='bbox 1232 2064 1424 2159; x_wconf 87' lang='lat' dir='ltr'><strong>concipere</strong></span> <span class='ocrx_word' id='word_1_102' title='bbox 1439 2078 1547 2158; x_wconf 85' lang='lat' dir='ltr'><strong>atque</strong></span> 
     </span>
     <span class='ocr_line' id='line_1_13' title="bbox 213 2182 1547 2280; baseline 0.001 -27"><span class='ocrx_word' id='word_1_103' title='bbox 213 2183 403 2277; x_wconf 81' lang='lat' dir='ltr'><strong>imaginari</strong></span> <span class='ocrx_word' id='word_1_104' title='bbox 419 2206 619 2279; x_wconf 84' lang='lat' dir='ltr'><strong>possemus.</strong></span> <span class='ocrx_word' id='word_1_105' title='bbox 645 2186 698 2253; x_wconf 89' lang='lat' dir='ltr'><strong>De</strong></span> <span class='ocrx_word' id='word_1_106' title='bbox 717 2182 785 2253; x_wconf 87' lang='lat' dir='ltr'><strong>hac</strong></span> <span class='ocrx_word' id='word_1_107' title='bbox 803 2207 917 2279; x_wconf 88' lang='lat' dir='ltr'><strong>prope</strong></span> <span class='ocrx_word' id='word_1_108' title='bbox 942 2182 1095 2253; x_wconf 86' lang='lat' dir='ltr'><strong>dixerim</strong></span> <span class='ocrx_word' id='word_1_109' title='bbox 1120 2207 1194 2253; x_wconf 92' lang='lat' dir='ltr'><strong>non</strong></span> <span class='ocrx_word' id='word_1_110' title='bbox 1213 2185 1291 2254; x_wconf 89' lang='lat' dir='ltr'><strong>sine</strong></span> <span class='ocrx_word' id='word_1_111' title='bbox 1314 2184 1472 2280; x_wconf 89' lang='lat' dir='ltr'><strong>quadam</strong></span> <span class='ocrx_word' id='word_1_112' title='bbox 1496 2187 1547 2255; x_wconf 93' lang='lat' dir='ltr'><strong>in·</strong></span> 
     </span>
     <span class='ocr_line' id='line_1_14' title="bbox 210 2303 1547 2402; baseline 0 -29"><span class='ocrx_word' id='word_1_113' title='bbox 210 2304 300 2397; x_wconf 79' lang='lat' dir='ltr'><strong>juria</strong></span> <span class='ocrx_word' id='word_1_114' title='bbox 334 2306 564 2401; x_wconf 89' lang='lat' dir='ltr'><strong>pronuntiari</strong></span> <span class='ocrx_word' id='word_1_115' title='bbox 592 2303 692 2399; x_wconf 91' lang='lat' dir='ltr'><strong>quod</strong></span> <span class='ocrx_word' id='word_1_116' title='bbox 718 2318 813 2374; x_wconf 88' lang='lat' dir='ltr'><strong>recte</strong></span> <span class='ocrx_word' id='word_1_117' title='bbox 836 2303 882 2374; x_wconf 90' lang='lat' dir='ltr'><strong>de</strong></span> <span class='ocrx_word' id='word_1_118' title='bbox 906 2306 1037 2375; x_wconf 88' lang='lat' dir='ltr'><strong>ceteris</strong></span> <span class='ocrx_word' id='word_1_119' title='bbox 1068 2334 1083 2367; x_wconf 77' lang='lat' dir='ltr'><strong>a</strong></span> <span class='ocrx_word' id='word_1_120' title='bbox 1112 2328 1190 2375; x_wconf 90' lang='lat' dir='ltr'><strong>esse</strong></span> <span class='ocrx_word' id='word_1_121' title='bbox 1220 2305 1368 2401; x_wconf 85' lang='lat' dir='ltr'><strong>aliquod</strong></span> <span class='ocrx_word' id='word_1_122' title='bbox 1396 2328 1547 2402; x_wconf 82' lang='lat' dir='ltr'><strong>poeseos</strong></span> 
     </span>
     <span class='ocr_line' id='line_1_15' title="bbox 212 2425 1544 2523; baseline -0.001 -26"><span class='ocrx_word' id='word_1_123' title='bbox 212 2452 328 2521; x_wconf 82' lang='lat' dir='ltr'><strong>genus</strong></span> <span class='ocrx_word' id='word_1_124' title='bbox 357 2458 373 2492; x_wconf 72' lang='lat' dir='ltr'><strong>s</strong></span> <span class='ocrx_word' id='word_1_125' title='bbox 403 2429 508 2498; x_wconf 89' lang='lat' dir='ltr'><strong>:imo</strong></span> <span class='ocrx_word' id='word_1_126' title='bbox 536 2425 713 2497; x_wconf 88' lang='lat' dir='ltr'><strong>comoedia</strong></span> <span class='ocrx_word' id='word_1_127' title='bbox 739 2426 887 2522; x_wconf 90' lang='lat' dir='ltr'><strong>antiqua</strong></span> <span class='ocrx_word' id='word_1_128' title='bbox 913 2441 967 2497; x_wconf 93' lang='lat' dir='ltr'><strong>est</strong></span> <span class='ocrx_word' id='word_1_129' title='bbox 996 2429 1107 2497; x_wconf 88' lang='lat' dir='ltr'><strong>totius</strong></span> <span class='ocrx_word' id='word_1_130' title='bbox 1130 2450 1281 2523; x_wconf 89' lang='lat' dir='ltr'><strong>poeseos</strong></span> <span class='ocrx_word' id='word_1_131' title='bbox 1315 2444 1350 2497; x_wconf 90' lang='lat' dir='ltr'><strong>et</strong></span> <span class='ocrx_word' id='word_1_132' title='bbox 1377 2429 1544 2498; x_wconf 89' lang='lat' dir='ltr'><strong>omnium</strong></span> 
     </span>
     <span class='ocr_line' id='line_1_16' title="bbox 211 2534 1548 2647; baseline 0 -27"><span class='ocrx_word' id='word_1_133' title='bbox 211 2534 388 2645; x_wconf 83' lang='lat' dir='ltr'><strong>generum</strong></span> <span class='ocrx_word' id='word_1_134' title='bbox 404 2551 505 2646; x_wconf 88' lang='lat' dir='ltr'><strong>quasi</strong></span> <span class='ocrx_word' id='word_1_135' title='bbox 522 2551 738 2634; x_wconf 51' lang='lat' dir='ltr'><strong>boetianum</strong></span> <span class='ocrx_word' id='word_1_136' title='bbox 758 2549 849 2619; x_wconf 95' lang='lat' dir='ltr'><strong>nihil</strong></span> <span class='ocrx_word' id='word_1_137' title='bbox 867 2550 965 2620; x_wconf 91' lang='lat' dir='ltr'><strong>enirn</strong></span> <span class='ocrx_word' id='word_1_138' title='bbox 984 2551 1021 2618; x_wconf 93' lang='lat' dir='ltr'><strong>in</strong></span> <span class='ocrx_word' id='word_1_139' title='bbox 1035 2550 1139 2645; x_wconf 90' lang='lat' dir='ltr'><strong>epico</strong></span> <span class='ocrx_word' id='word_1_140' title='bbox 1153 2552 1312 2620; x_wconf 81' lang='lat' dir='ltr'><strong>carmine</strong></span> <span class='ocrx_word' id='word_1_141' title='bbox 1326 2552 1548 2647; x_wconf 85' lang='lat' dir='ltr'><strong>expromitur</strong></span> 
     </span>
     <span class='ocr_line' id='line_1_17' title="bbox 213 2653 1547 2767; baseline -0.001 -25"><span class='ocrx_word' id='word_1_142' title='bbox 213 2696 320 2767; x_wconf 83' lang='lat' dir='ltr'><strong>grava</strong></span> <span class='ocrx_word' id='word_1_143' title='bbox 335 2687 372 2742; x_wconf 88' lang='lat' dir='ltr'><strong>et</strong></span> <span class='ocrx_word' id='word_1_144' title='bbox 384 2671 608 2766; x_wconf 87' lang='lat' dir='ltr'><strong>jucundum,</strong></span> <span class='ocrx_word' id='word_1_145' title='bbox 624 2671 715 2741; x_wconf 95' lang='lat' dir='ltr'><strong>nihil</strong></span> <span class='ocrx_word' id='word_1_146' title='bbox 730 2653 768 2742; x_wconf 91' lang='lat' dir='ltr'><strong>iu</strong></span> <span class='ocrx_word' id='word_1_147' title='bbox 786 2672 898 2766; x_wconf 82' lang='lat' dir='ltr'><strong>lyrico</strong></span> <span class='ocrx_word' id='word_1_148' title='bbox 913 2671 1023 2767; x_wconf 87' lang='lat' dir='ltr'><strong>spirat</strong></span> <span class='ocrx_word' id='word_1_149' title='bbox 1038 2671 1194 2742; x_wconf 86' lang='lat' dir='ltr'><strong>sublime</strong></span> <span class='ocrx_word' id='word_1_150' title='bbox 1207 2687 1244 2741; x_wconf 90' lang='lat' dir='ltr'><strong>et</strong></span> <span class='ocrx_word' id='word_1_151' title='bbox 1259 2671 1436 2741; x_wconf 86' lang='lat' dir='ltr'><strong>divinitus</strong></span> <span class='ocrx_word' id='word_1_152' title='bbox 1449 2671 1547 2741; x_wconf 81' lang='lat' dir='ltr'><strong>affla-</strong></span> 
     </span>
     <span class='ocr_line' id='line_1_18' title="bbox 213 2792 1544 2891; baseline -0.002 -27"><span class='ocrx_word' id='word_1_153' title='bbox 213 2810 311 2879; x_wconf 90' lang='lat' dir='ltr'><strong>tum,</strong></span> <span class='ocrx_word' id='word_1_154' title='bbox 340 2792 432 2865; x_wconf 90' lang='lat' dir='ltr'><strong>nihil</strong></span> <span class='ocrx_word' id='word_1_155' title='bbox 450 2794 622 2891; x_wconf 78' lang='lat' dir='ltr'><strong>tragoedia</strong></span> <span class='ocrx_word' id='word_1_156' title='bbox 646 2793 809 2890; x_wconf 88' lang='lat' dir='ltr'><strong>loquitur</strong></span> <span class='ocrx_word' id='word_1_157' title='bbox 834 2794 967 2865; x_wconf 87' lang='lat' dir='ltr'><strong>elatum</strong></span> <span class='ocrx_word' id='word_1_158' title='bbox 989 2810 1025 2864; x_wconf 89' lang='lat' dir='ltr'><strong>et</strong></span> <span class='ocrx_word' id='word_1_159' title='bbox 1047 2816 1231 2878; x_wconf 88' lang='lat' dir='ltr'><strong>severum,</strong></span> <span class='ocrx_word' id='word_1_160' title='bbox 1256 2793 1367 2888; x_wconf 84' lang='lat' dir='ltr'><strong>elegia</strong></span> <span class='ocrx_word' id='word_1_161' title='bbox 1385 2792 1492 2864; x_wconf 87' lang='lat' dir='ltr'><strong>molle</strong></span> <span class='ocrx_word' id='word_1_162' title='bbox 1512 2808 1544 2863; x_wconf 89' lang='lat' dir='ltr'><strong>et</strong></span> 
     </span>
     <span class='ocr_line' id='line_1_19' title="bbox 213 2914 1547 3012; baseline -0.001 -24"><span class='ocrx_word' id='word_1_163' title='bbox 213 2932 403 3004; x_wconf 87' lang='lat' dir='ltr'><strong>tenerum,</strong></span> <span class='ocrx_word' id='word_1_164' title='bbox 431 2917 521 3012; x_wconf 91' lang='lat' dir='ltr'><strong>quin</strong></span> <span class='ocrx_word' id='word_1_165' title='bbox 539 2915 665 2987; x_wconf 86' lang='lat' dir='ltr'><strong>eadem</strong></span> <span class='ocrx_word' id='word_1_166' title='bbox 681 2917 817 3005; x_wconf 89' lang='lat' dir='ltr'><strong>omnia,</strong></span> <span class='ocrx_word' id='word_1_167' title='bbox 845 2940 972 2992; x_wconf 87' lang='lat' dir='ltr'><strong>sensus</strong></span> <span class='ocrx_word' id='word_1_168' title='bbox 999 2915 1147 2987; x_wconf 88' lang='lat' dir='ltr'><strong>eosdem</strong></span> <span class='ocrx_word' id='word_1_169' title='bbox 1171 2930 1206 2986; x_wconf 85' lang='lat' dir='ltr'><strong>at</strong></span> <span class='ocrx_word' id='word_1_170' title='bbox 1232 2914 1547 3002; x_wconf 82' lang='lat' dir='ltr'><strong>eosdem‘modos,</strong></span> 
     </span>
     <span class='ocr_line' id='line_1_20' title="bbox 213 3038 1543 3112; baseline -0.003 -1"><span class='ocrx_word' id='word_1_171' title='bbox 213 3039 424 3111; x_wconf 87' lang='lat' dir='ltr'><strong>ludibunda</strong></span> <span class='ocrx_word' id='word_1_172' title='bbox 450 3054 595 3110; x_wconf 90' lang='lat' dir='ltr'><strong>resonet</strong></span> <span class='ocrx_word' id='word_1_173' title='bbox 617 3040 804 3111; x_wconf 86' lang='lat' dir='ltr'><strong>comoedia.</strong></span> <span class='ocrx_word' id='word_1_174' title='bbox 827 3038 1083 3112; x_wconf 77' lang='lat' dir='ltr'><strong>Archilochum</strong></span> <span class='ocrx_word' id='word_1_175' title='bbox 1109 3055 1231 3110; x_wconf 87' lang='lat' dir='ltr'><strong>autem</strong></span> <span class='ocrx_word' id='word_1_176' title='bbox 1247 3039 1393 3110; x_wconf 90' lang='lat' dir='ltr'><strong>imbibit</strong></span> <span class='ocrx_word' id='word_1_177' title='bbox 1413 3051 1543 3110; x_wconf 90' lang='lat' dir='ltr'><strong>tottun.</strong></span> 
     </span>
     <span class='ocr_line' id='line_1_21' title="bbox 213 3161 1547 3259; baseline 0 -29"><span class='ocrx_word' id='word_1_178' title='bbox 213 3166 291 3233; x_wconf 85' lang='lat' dir='ltr'><strong>lam</strong></span> <span class='ocrx_word' id='word_1_179' title='bbox 303 3185 391 3232; x_wconf 82' lang='lat' dir='ltr'><strong>vero</strong></span> <span class='ocrx_word' id='word_1_180' title='bbox 402 3176 541 3231; x_wconf 78' lang='lat' dir='ltr'><strong>aetatem</strong></span> <span class='ocrx_word' id='word_1_181' title='bbox 555 3176 694 3257; x_wconf 88' lang='lat' dir='ltr'><strong>reputa,</strong></span> <span class='ocrx_word' id='word_1_182' title='bbox 711 3185 782 3258; x_wconf 88' lang='lat' dir='ltr'><strong>qua</strong></span> <span class='ocrx_word' id='word_1_183' title='bbox 795 3166 996 3259; x_wconf 60' lang='grc' dir='ltr'>πάμφθογγον</span> <span class='ocrx_word' id='word_1_184' title='bbox 1010 3162 1082 3233; x_wconf 89' lang='lat' dir='ltr'><strong>hoc</strong></span> <span class='ocrx_word' id='word_1_185' title='bbox 1091 3167 1215 3259; x_wconf 75' lang='grc' dir='ltr'><strong>ὄργανον</strong></span> <span class='ocrx_word' id='word_1_186' title='bbox 1231 3161 1423 3256; x_wconf 85' lang='lat' dir='ltr'><strong>pulsabant</strong></span> <span class='ocrx_word' id='word_1_187' title='bbox 1434 3173 1547 3257; x_wconf 78' lang='lat' dir='ltr'><strong>poetae</strong></span> 
     </span>
     <span class='ocr_line' id='line_1_22' title="bbox 214 3268 1547 3382; baseline -0.005 -25"><span class='ocrx_word' id='word_1_188' title='bbox 214 3268 524 3382; x_wconf 80' lang='lat' dir='ltr'><strong>ingeniosissimi:</strong></span> <span class='ocrx_word' id='word_1_189' title='bbox 544 3298 598 3353; x_wconf 89' lang='lat' dir='ltr'><strong>est</strong></span> <span class='ocrx_word' id='word_1_190' title='bbox 619 3284 791 3355; x_wconf 90' lang='lat' dir='ltr'><strong>nimirum</strong></span> <span class='ocrx_word' id='word_1_191' title='bbox 815 3285 1018 3355; x_wconf 86' lang='lat' dir='ltr'><strong>immortale</strong></span> <span class='ocrx_word' id='word_1_192' title='bbox 1039 3283 1129 3354; x_wconf 91' lang='lat' dir='ltr'><strong>illud</strong></span> <span class='ocrx_word' id='word_1_193' title='bbox 1153 3283 1342 3368; x_wconf 77' lang='lat' dir='ltr'><strong>saeculum,</strong></span> <span class='ocrx_word' id='word_1_194' title='bbox 1363 3307 1383 3353; x_wconf 88' lang='lat' dir='ltr'><strong>a</strong></span> <span class='ocrx_word' id='word_1_195' title='bbox 1400 3284 1547 3353; x_wconf 87' lang='lat' dir='ltr'><strong>Persicis</strong></span> 
     </span>
     <span class='ocr_line' id='line_1_23' title="bbox 174 3402 1547 3503; baseline -0.004 -25"><span class='ocrx_word' id='word_1_196' title='bbox 174 3408 178 3416; x_wconf 83' lang='lat'>&#39;</span> <span class='ocrx_word' id='word_1_197' title='bbox 214 3407 322 3479; x_wconf 86' lang='lat' dir='ltr'><strong>bellis</strong></span> <span class='ocrx_word' id='word_1_198' title='bbox 333 3406 509 3496; x_wconf 89' lang='lat' dir='ltr'><strong>adfinem</strong></span> <span class='ocrx_word' id='word_1_199' title='bbox 522 3406 830 3503; x_wconf 86' lang='lat' dir='ltr'><strong>Peloponnesiaci,</strong></span> <span class='ocrx_word' id='word_1_200' title='bbox 846 3429 921 3501; x_wconf 90' lang='lat' dir='ltr'><strong>quo</strong></span> <span class='ocrx_word' id='word_1_201' title='bbox 931 3406 1061 3476; x_wconf 86' lang='lat' dir='ltr'><strong>saeculo</strong></span> <span class='ocrx_word' id='word_1_202' title='bbox 1071 3406 1174 3500; x_wconf 81' lang='lat' dir='ltr'><strong>graeci</strong></span> <span class='ocrx_word' id='word_1_203' title='bbox 1189 3405 1300 3475; x_wconf 91' lang='lat' dir='ltr'><strong>animi</strong></span> <span class='ocrx_word' id='word_1_204' title='bbox 1313 3405 1366 3473; x_wconf 84' lang='lat' dir='ltr'><strong>vis</strong></span> <span class='ocrx_word' id='word_1_205' title='bbox 1382 3402 1547 3474; x_wconf 86' lang='lat' dir='ltr'><strong>foecunda</strong></span> 
     </span>
     <span class='ocr_line' id='line_1_24' title="bbox 216 3525 1546 3626; baseline -0.004 -26"><span class='ocrx_word' id='word_1_206' title='bbox 216 3530 354 3601; x_wconf 79' lang='lat' dir='ltr'><strong>hactus</strong></span> <span class='ocrx_word' id='word_1_207' title='bbox 377 3529 531 3626; x_wconf 89' lang='lat' dir='ltr'><strong>protulit</strong></span> <span class='ocrx_word' id='word_1_208' title='bbox 547 3529 653 3624; x_wconf 80' lang='lat' dir='ltr'><strong>longe</strong></span> <span class='ocrx_word' id='word_1_209' title='bbox 673 3525 875 3599; x_wconf 88' lang='lat' dir='ltr'><strong>uberrimos</strong></span> <span class='ocrx_word' id='word_1_210' title='bbox 896 3545 931 3599; x_wconf 89' lang='lat' dir='ltr'><strong>et</strong></span> <span class='ocrx_word' id='word_1_211' title='bbox 950 3528 1245 3615; x_wconf 86' lang='lat' dir='ltr'><strong>venustissimos,</strong></span> <span class='ocrx_word' id='word_1_212' title='bbox 1266 3528 1372 3597; x_wconf 88' lang='lat' dir='ltr'><strong>etiam</strong></span> <span class='ocrx_word' id='word_1_213' title='bbox 1401 3549 1546 3608; x_wconf 86' lang='lat' dir='ltr'><strong>eorum,</strong></span> 
     </span>
     <span class='ocr_line' id='line_1_25' title="bbox 214 3647 1547 3748; baseline -0.005 -27"><span class='ocrx_word' id='word_1_214' title='bbox 214 3676 295 3747; x_wconf 78' lang='lat' dir='ltr'><strong>qne</strong></span> <span class='ocrx_word' id='word_1_215' title='bbox 310 3652 493 3748; x_wconf 87' lang='lat' dir='ltr'><strong>posterius</strong></span> <span class='ocrx_word' id='word_1_216' title='bbox 506 3649 718 3735; x_wconf 83' lang='lat' dir='ltr'><strong>floruerunt,</strong></span> <span class='ocrx_word' id='word_1_217' title='bbox 734 3665 812 3720; x_wconf 87' lang='lat' dir='ltr'><strong>tum</strong></span> <span class='ocrx_word' id='word_1_218' title='bbox 825 3649 973 3745; x_wconf 88' lang='lat' dir='ltr'><strong>quidem</strong></span> <span class='ocrx_word' id='word_1_219' title='bbox 988 3673 1160 3746; x_wconf 86' lang='lat' dir='ltr'><strong>spargens</strong></span> <span class='ocrx_word' id='word_1_220' title='bbox 1176 3650 1326 3735; x_wconf 87' lang='lat' dir='ltr'><strong>semina,</strong></span> <span class='ocrx_word' id='word_1_221' title='bbox 1340 3647 1436 3718; x_wconf 86' lang='lat' dir='ltr'><strong>velut</strong></span> <span class='ocrx_word' id='word_1_222' title='bbox 1451 3648 1547 3730; x_wconf 76' lang='lat' dir='ltr'><strong>Peri·</strong></span> 
     </span>
     <span class='ocr_line' id='line_1_26' title="bbox 215 3771 1546 3869; baseline -0.005 -24"><span class='ocrx_word' id='word_1_223' title='bbox 215 3776 287 3845; x_wconf 89' lang='lat' dir='ltr'><strong>cles</strong></span> <span class='ocrx_word' id='word_1_224' title='bbox 302 3775 521 3869; x_wconf 86' lang='lat' dir='ltr'><strong>eloquentiae</strong></span> <span class='ocrx_word' id='word_1_225' title='bbox 536 3797 556 3844; x_wconf 89' lang='lat' dir='ltr'><strong>a</strong></span> <span class='ocrx_word' id='word_1_226' title='bbox 572 3773 819 3844; x_wconf 87' lang='lat' dir='ltr'><strong>Demosthene</strong></span> <span class='ocrx_word' id='word_1_227' title='bbox 834 3787 1103 3844; x_wconf 75' lang='lat' dir='ltr'><strong>consummate.</strong></span> <span class='ocrx_word' id='word_1_228' title='bbox 1121 3772 1217 3843; x_wconf 85' lang='lat' dir='ltr'><strong>Nihil</strong></span> <span class='ocrx_word' id='word_1_229' title='bbox 1238 3774 1346 3868; x_wconf 83' lang='lat' dir='ltr'><strong>igitur</strong></span> <span class='ocrx_word' id='word_1_230' title='bbox 1362 3771 1546 3855; x_wconf 89' lang='lat' dir='ltr'><strong>omnium,</strong></span> 
     </span>
     <span class='ocr_line' id='line_1_27' title="bbox 214 3891 1546 3992; baseline -0.005 -25"><span class='ocrx_word' id='word_1_231' title='bbox 214 3919 456 3992; x_wconf 79' lang='lat' dir='ltr'><strong>quaecumque</strong></span> <span class='ocrx_word' id='word_1_232' title='bbox 477 3921 541 3991; x_wconf 90' lang='lat' dir='ltr'><strong>per</strong></span> <span class='ocrx_word' id='word_1_233' title='bbox 556 3895 645 3966; x_wconf 84' lang='lat' dir='ltr'><strong>illud</strong></span> <span class='ocrx_word' id='word_1_234' title='bbox 664 3910 805 3989; x_wconf 86' lang='lat' dir='ltr'><strong>tempus</strong></span> <span class='ocrx_word' id='word_1_235' title='bbox 819 3895 973 3989; x_wconf 78' lang='lat' dir='ltr'><strong>agitabat</strong></span> <span class='ocrx_word' id='word_1_236' title='bbox 995 3894 1266 3965; x_wconf 78' lang='lat' dir='ltr'><strong>Atheniensium</strong></span> <span class='ocrx_word' id='word_1_237' title='bbox 1283 3917 1385 3963; x_wconf 87' lang='lat' dir='ltr'><strong>meus</strong></span> <span class='ocrx_word' id='word_1_238' title='bbox 1401 3891 1546 3962; x_wconf 85' lang='lat' dir='ltr'><strong>vividis·</strong></span> 
     </span>
     <span class='ocr_line' id='line_1_28' title="bbox 214 4013 1615 4114; baseline -0.005 -26"><span class='ocrx_word' id='word_1_239' title='bbox 214 4021 325 4105; x_wconf 88' lang='lat' dir='ltr'><strong>sima,</strong></span> <span class='ocrx_word' id='word_1_240' title='bbox 341 4017 450 4106; x_wconf 90' lang='lat' dir='ltr'><strong>nihil,</strong></span> <span class='ocrx_word' id='word_1_241' title='bbox 473 4014 809 4114; x_wconf 87' lang='lat' dir='ltr'><strong>inquam,.alieuum</strong></span> <span class='ocrx_word' id='word_1_242' title='bbox 824 4031 898 4087; x_wconf 88' lang='lat' dir='ltr'><strong>erat</strong></span> <span class='ocrx_word' id='word_1_243' title='bbox 919 4042 938 4086; x_wconf 93' lang='lat' dir='ltr'><strong>a</strong></span> <span class='ocrx_word' id='word_1_244' title='bbox 956 4015 1157 4087; x_wconf 70' lang='lat' dir='ltr'><strong>comoedia:</strong></span> <span class='ocrx_word' id='word_1_245' title='bbox 1176 4039 1315 4111; x_wconf 86' lang='lat' dir='ltr'><strong>semper</strong></span> <span class='ocrx_word' id='word_1_246' title='bbox 1335 4013 1417 4109; x_wconf 82' lang='lat' dir='ltr'><strong>vigil</strong></span> <span class='ocrx_word' id='word_1_247' title='bbox 1440 4029 1547 4108; x_wconf 88' lang='lat' dir='ltr'><strong>atque</strong></span> <span class='ocrx_word' id='word_1_248' title='bbox 1608 4034 1615 4043; x_wconf 92' lang='lat'><strong>·</strong></span> 
     </span>
     <span class='ocr_line' id='line_1_29' title="bbox 214 4133 1547 4236; baseline -0.007 -26"><span class='ocrx_word' id='word_1_249' title='bbox 214 4140 341 4210; x_wconf 82' lang='lat' dir='ltr'><strong>alacris</strong></span> <span class='ocrx_word' id='word_1_250' title='bbox 366 4155 500 4209; x_wconf 88' lang='lat' dir='ltr'><strong>cuncta</strong></span> <span class='ocrx_word' id='word_1_251' title='bbox 523 4137 759 4235; x_wconf 86' lang='lat' dir='ltr'><strong>pervadebat,</strong></span> <span class='ocrx_word' id='word_1_252' title='bbox 789 4163 863 4208; x_wconf 89' lang='lat' dir='ltr'><strong>non</strong></span> <span class='ocrx_word' id='word_1_253' title='bbox 892 4138 1010 4210; x_wconf 88' lang='lat' dir='ltr'><strong>solum</strong></span> <span class='ocrx_word' id='word_1_254' title='bbox 1037 4159 1157 4209; x_wconf 89' lang='lat' dir='ltr'><strong>rerum</strong></span> <span class='ocrx_word' id='word_1_255' title='bbox 1183 4136 1409 4236; x_wconf 89' lang='lat' dir='ltr'><strong>publicarum</strong></span> <span class='ocrx_word' id='word_1_256' title='bbox 1437 4133 1547 4204; x_wconf 86' lang='lat' dir='ltr'><strong>adrni-</strong></span> 
     </span>
     <span class='ocr_line' id='line_1_30' title="bbox 217 4254 1546 4356; baseline -0.008 -24"><span class='ocrx_word' id='word_1_257' title='bbox 217 4261 494 4349; x_wconf 87' lang='lat' dir='ltr'><strong>nistrationem,</strong></span> <span class='ocrx_word' id='word_1_258' title='bbox 513 4260 577 4331; x_wconf 87' lang='lat' dir='ltr'><strong>sad</strong></span> <span class='ocrx_word' id='word_1_259' title='bbox 600 4281 735 4347; x_wconf 86' lang='lat' dir='ltr'><strong>mores,</strong></span> <span class='ocrx_word' id='word_1_260' title='bbox 757 4259 820 4330; x_wconf 89' lang='lat' dir='ltr'><strong>aed</strong></span> <span class='ocrx_word' id='word_1_261' title='bbox 835 4259 1041 4356; x_wconf 85' lang='lat' dir='ltr'><strong>religiones,</strong></span> <span class='ocrx_word' id='word_1_262' title='bbox 1058 4262 1250 4345; x_wconf 88' lang='lat' dir='ltr'><strong>musicam,</strong></span> <span class='ocrx_word' id='word_1_263' title='bbox 1266 4257 1414 4352; x_wconf 82' lang='lat' dir='ltr'><strong>poesin,</strong></span> <span class='ocrx_word' id='word_1_264' title='bbox 1430 4254 1546 4349; x_wconf 89' lang='lat' dir='ltr'><strong>philo·</strong></span> 
     </span>
     <span class='ocr_line' id='line_1_31' title="bbox 215 4379 1546 4481; baseline -0.007 -28"><span class='ocrx_word' id='word_1_265' title='bbox 215 4383 393 4480; x_wconf 88' lang='lat' dir='ltr'><strong>sophiam.</strong></span> <span class='ocrx_word' id='word_1_266' title='bbox 414 4389 457 4454; x_wconf 90' lang='lat' dir='ltr'><strong>ln</strong></span> <span class='ocrx_word' id='word_1_267' title='bbox 474 4385 573 4454; x_wconf 86' lang='lat' dir='ltr'><strong>hisce</strong></span> <span class='ocrx_word' id='word_1_268' title='bbox 587 4383 761 4454; x_wconf 88' lang='lat' dir='ltr'><strong>omnibus</strong></span> <span class='ocrx_word' id='word_1_269' title='bbox 778 4405 858 4479; x_wconf 80' lang='lat' dir='ltr'><strong>quae</strong></span> <span class='ocrx_word' id='word_1_270' title='bbox 872 4405 1105 4481; x_wconf 89' lang='lat' dir='ltr'><strong>quocumque</strong></span> <span class='ocrx_word' id='word_1_271' title='bbox 1122 4382 1233 4453; x_wconf 92' lang='lat' dir='ltr'><strong>modo</strong></span> <span class='ocrx_word' id='word_1_272' title='bbox 1250 4379 1294 4449; x_wconf 90' lang='lat' dir='ltr'><strong>ad</strong></span> <span class='ocrx_word' id='word_1_273' title='bbox 1318 4380 1445 4446; x_wconf 88' lang='lat' dir='ltr'><strong>vitium</strong></span> <span class='ocrx_word' id='word_1_274' title='bbox 1469 4399 1546 4472; x_wconf 86' lang='lat' dir='ltr'><strong>spe-</strong></span> 
     </span>
     <span class='ocr_line' id='line_1_32' title="bbox 214 4498 1545 4603; baseline -0.005 -29"><span class='ocrx_word' id='word_1_275' title='bbox 214 4520 308 4576; x_wconf 89' lang='lat' dir='ltr'><strong>ctare</strong></span> <span class='ocrx_word' id='word_1_276' title='bbox 323 4505 535 4577; x_wconf 84' lang='lat' dir='ltr'><strong>riderentur</strong></span> <span class='ocrx_word' id='word_1_277' title='bbox 544 4504 599 4575; x_wconf 80' lang='lat' dir='ltr'><strong>rel</strong></span> <span class='ocrx_word' id='word_1_278' title='bbox 613 4506 682 4601; x_wconf 92' lang='lat' dir='ltr'><strong>ipsi</strong></span> <span class='ocrx_word' id='word_1_279' title='bbox 692 4506 831 4601; x_wconf 87' lang='lat' dir='ltr'><strong>populo</strong></span> <span class='ocrx_word' id='word_1_280' title='bbox 842 4505 897 4577; x_wconf 86' lang='lat' dir='ltr'><strong>vel</strong></span> <span class='ocrx_word' id='word_1_281' title='bbox 910 4520 1025 4603; x_wconf 65' lang='lat' dir='ltr'><strong>poetas</strong></span> <span class='ocrx_word' id='word_1_282' title='bbox 1038 4505 1204 4601; x_wconf 85' lang='lat' dir='ltr'><strong>partibus</strong></span> <span class='ocrx_word' id='word_1_283' title='bbox 1218 4498 1438 4599; x_wconf 88' lang='lat' dir='ltr'><strong>quibusdam</strong></span> <span class='ocrx_word' id='word_1_284' title='bbox 1453 4500 1490 4568; x_wconf 92' lang='lat' dir='ltr'><strong>iu</strong></span> <span class='ocrx_word' id='word_1_285' title='bbox 1508 4522 1545 4568; x_wconf 90' lang='lat' dir='ltr'><strong>re</strong></span> 
     </span>
     <span class='ocr_line' id='line_1_33' title="bbox 215 4621 1559 4729; baseline -0.004 -32"><span class='ocrx_word' id='word_1_286' title='bbox 215 4624 361 4722; x_wconf 88' lang='lat' dir='ltr'><strong>publica</strong></span> <span class='ocrx_word' id='word_1_287' title='bbox 380 4626 436 4698; x_wconf 86' lang='lat' dir='ltr'><strong>vel</strong></span> <span class='ocrx_word' id='word_1_288' title='bbox 456 4624 632 4697; x_wconf 86' lang='lat' dir='ltr'><strong>litteraria</strong></span> <span class='ocrx_word' id='word_1_289' title='bbox 643 4624 808 4712; x_wconf 89' lang='lat' dir='ltr'><strong>addicto,</strong></span> <span class='ocrx_word' id='word_1_290' title='bbox 819 4652 859 4697; x_wconf 89' lang='lat' dir='ltr'><strong>ea</strong></span> <span class='ocrx_word' id='word_1_291' title='bbox 873 4627 1003 4729; x_wconf 18' lang='lat' dir='ltr'><strong>,vividis</strong></span> <span class='ocrx_word' id='word_1_292' title='bbox 1019 4625 1203 4698; x_wconf 88' lang='lat' dir='ltr'><strong>coloribus</strong></span> <span class='ocrx_word' id='word_1_293' title='bbox 1221 4623 1362 4721; x_wconf 85' lang='lat' dir='ltr'><strong>depicta</strong></span> <span class='ocrx_word' id='word_1_294' title='bbox 1375 4637 1412 4693; x_wconf 91' lang='lat' dir='ltr'><strong>et</strong></span> <span class='ocrx_word' id='word_1_295' title='bbox 1429 4621 1535 4693; x_wconf 75' lang='lat' dir='ltr'><strong>laetis·</strong></span> <span class='ocrx_word' id='word_1_296' title='bbox 1557 4652 1559 4656; x_wconf 93' lang='lat'>·</span> 
     </span>
     <span class='ocr_line' id='line_1_34' title="bbox 215 4746 1544 4845; baseline -0.004 -26"><span class='ocrx_word' id='word_1_297' title='bbox 215 4751 311 4821; x_wconf 84' lang='lat' dir='ltr'><strong>simis</strong></span> <span class='ocrx_word' id='word_1_298' title='bbox 332 4748 548 4822; x_wconf 86' lang='lat' dir='ltr'><strong>fictionibus</strong></span> <span class='ocrx_word' id='word_1_299' title='bbox 571 4766 779 4845; x_wconf 76' lang='lat' dir='ltr'><strong>exaggerata</strong></span> <span class='ocrx_word' id='word_1_300' title='bbox 794 4752 832 4820; x_wconf 87' lang='lat' dir='ltr'><strong>in</strong></span> <span class='ocrx_word' id='word_1_301' title='bbox 855 4773 959 4820; x_wconf 89' lang='lat' dir='ltr'><strong>scena</strong></span> <span class='ocrx_word' id='word_1_302' title='bbox 983 4749 1274 4822; x_wconf 78' lang='lat' dir='ltr'><strong>exhibebantur:</strong></span> <span class='ocrx_word' id='word_1_303' title='bbox 1299 4762 1337 4818; x_wconf 94' lang='lat' dir='ltr'><strong>ut</strong></span> <span class='ocrx_word' id='word_1_304' title='bbox 1360 4746 1420 4817; x_wconf 87' lang='lat' dir='ltr'><strong>illa</strong></span> <span class='ocrx_word' id='word_1_305' title='bbox 1437 4750 1544 4816; x_wconf 84' lang='lat' dir='ltr'><strong>etiarn</strong></span> 
     </span>
     <span class='ocr_line' id='line_1_35' title="bbox 214 4869 1546 4968; baseline -0.005 -25"><span class='ocrx_word' id='word_1_306' title='bbox 214 4897 291 4967; x_wconf 79' lang='lat' dir='ltr'><strong>quar</strong></span> <span class='ocrx_word' id='word_1_307' title='bbox 304 4874 462 4946; x_wconf 86' lang='lat' dir='ltr'><strong>calidius</strong></span> <span class='ocrx_word' id='word_1_308' title='bbox 476 4888 514 4944; x_wconf 87' lang='lat' dir='ltr'><strong>et</strong></span> <span class='ocrx_word' id='word_1_309' title='bbox 532 4896 598 4968; x_wconf 90' lang='lat' dir='ltr'><strong>per</strong></span> <span class='ocrx_word' id='word_1_310' title='bbox 615 4871 843 4942; x_wconf 78' lang='lat' dir='ltr'><strong>manifestam</strong></span> <span class='ocrx_word' id='word_1_311' title='bbox 857 4873 1085 4968; x_wconf 88' lang='lat' dir='ltr'><strong>iniquitatem</strong></span> <span class='ocrx_word' id='word_1_312' title='bbox 1097 4873 1289 4968; x_wconf 89' lang='lat' dir='ltr'><strong>jactantur,</strong></span> <span class='ocrx_word' id='word_1_313' title='bbox 1306 4896 1373 4941; x_wconf 91' lang='lat' dir='ltr'><strong>nos</strong></span> <span class='ocrx_word' id='word_1_314' title='bbox 1392 4869 1546 4939; x_wconf 88' lang='lat' dir='ltr'><strong>doceant</strong></span> 
     </span>
     <span class='ocr_line' id='line_1_36' title="bbox 118 4991 1533 5091; baseline -0.006 -24"><span class='ocrx_word' id='word_1_315' title='bbox 118 5008 121 5012; x_wconf 82' lang='grc'><strong>’</strong></span> <span class='ocrx_word' id='word_1_316' title='bbox 215 4999 357 5091; x_wconf 86' lang='lat' dir='ltr'><strong>quinam</strong></span> <span class='ocrx_word' id='word_1_317' title='bbox 384 4997 499 5068; x_wconf 86' lang='lat' dir='ltr'><strong>certis</strong></span> <span class='ocrx_word' id='word_1_318' title='bbox 516 4994 745 5091; x_wconf 88' lang='lat' dir='ltr'><strong>temporibus</strong></span> <span class='ocrx_word' id='word_1_319' title='bbox 765 4995 900 5065; x_wconf 83' lang='lat' dir='ltr'><strong>fuerint</strong></span> <span class='ocrx_word' id='word_1_320' title='bbox 925 4998 1038 5066; x_wconf 89' lang='lat' dir='ltr'><strong>animi</strong></span> <span class='ocrx_word' id='word_1_321' title='bbox 1059 4997 1231 5064; x_wconf 78' lang='lat' dir='ltr'><strong>mobilium</strong></span> <span class='ocrx_word' id='word_1_322' title='bbox 1252 4991 1533 5088; x_wconf 82' lang='lat' dir='ltr'><strong>Cecropidarum</strong></span> 
     </span>
     <span class='ocr_line' id='line_1_37' title="bbox 214 5113 1545 5219; baseline -0.005 -32"><span class='ocrx_word' id='word_1_323' title='bbox 214 5120 266 5190; x_wconf 82' lang='lat' dir='ltr'><strong>Sic</strong></span> <span class='ocrx_word' id='word_1_324' title='bbox 282 5121 382 5219; x_wconf 92' lang='lat' dir='ltr'><strong>quod</strong></span> <span class='ocrx_word' id='word_1_325' title='bbox 397 5119 512 5215; x_wconf 84' lang='lat' dir='ltr'><strong>vulgo</strong></span> <span class='ocrx_word' id='word_1_326' title='bbox 530 5117 642 5188; x_wconf 88' lang='lat' dir='ltr'><strong>fertur</strong></span> <span class='ocrx_word' id='word_1_327' title='bbox 662 5116 708 5188; x_wconf 92' lang='lat' dir='ltr'><strong>de</strong></span> <span class='ocrx_word' id='word_1_328' title='bbox 720 5113 915 5202; x_wconf 85' lang='lat' dir='ltr'><strong>contoedia,</strong></span> <span class='ocrx_word' id='word_1_329' title='bbox 933 5141 1043 5187; x_wconf 80' lang='lat' dir='ltr'><strong>«esse</strong></span> <span class='ocrx_word' id='word_1_330' title='bbox 1064 5119 1142 5187; x_wconf 75' lang='lat' dir='ltr'><strong>vitae</strong></span> <span class='ocrx_word' id='word_1_331' title='bbox 1159 5117 1351 5210; x_wconf 78' lang='lat' dir='ltr'><strong>imaginem</strong></span> <span class='ocrx_word' id='word_1_332' title='bbox 1373 5129 1407 5183; x_wconf 89' lang='lat' dir='ltr'><strong>et</strong></span> <span class='ocrx_word' id='word_1_333' title='bbox 1434 5114 1545 5208; x_wconf 84' lang='lat' dir='ltr'><strong>magi·</strong></span> 
     </span>
    </p>
   </div>
   <div class='ocr_carea' id='block_1_3' title="bbox 0 0 1964 5950">
    <p class='ocr_par' dir='ltr' id='par_1_3' title="bbox 0 0 1964 5950">
     <span class='ocr_line' id='line_1_38' title="bbox 0 0 1964 5950; baseline 0 0"><span class='ocrx_word' id='word_1_334' title='bbox 0 0 1964 5950; x_wconf 95' lang='lat' dir='ltr'><strong> </strong></span> 
     </span>
    </p>
   </div>
  </div>
 </body>
</html>
