3917 5950
257 502 293 553 18
747 484 950 544 COMOEDIAE
973 479 1135 540 vetatis
1159 478 1365 552 llllleUlAE.

255 634 284 679 ct
297 620 405 678 ibidem
420 620 448 690 3,
465 620 480 675 3
498 639 505 673 ι
953 692 957 699 .

299 721 399 792 Lydus.
410 717 589 773 Meretricem
603 714 720 789 indigne
733 715 881 790 deperit...
901 714 1037 769 Mnesilo-

715 801 806 879 [chus.
822 804 888 858 Non
903 812 934 856 tu
948 808 1039 857 taces?

293 894 397 966 Lydus.
417 895 512 967 Atque
533 906 736 947 acerrumam:
759 902 877 945 oestnose
899 890 1037 956 absorbet,

714 974 774 1057 [ubi
785 996 920 1051 quemque
935 980 1038 1050 attigit.

255 1090 390 1146 Similiter
400 1086 478 1162 apud
488 1083 655 1141 Pausaniam
665 1082 774 1141 Lacon.
786 1101 850 1157 cap.
869 1100 916 1155 19,
931 1100 978 1150 ro,
989 1100 1038 1137 an·

246 1176 385 1231 'cillarum
408 1172 589 1247 quarundam
611 1171 720 1225 furialis
750 1170 856 1225 dicitur
874 1168 990 1223 habitus
1012 1179 1041 1223 et

256 1263 372 1320 saevitia.
387 1262 434 1318 Sic
449 1262 526 1316 enim
543 1259 592 1314 ille
609 1277 616 1313 ι
632 1254 731 1326 ταύτην
745 1252 793 1324 τὴν
808 1251 920 1320 Πολυξώ
944 1274 1039 1331 φασιν,

257 1350 434 1425 ἐπιθυμοῦσαν
446 1343 557 1416 Ἑλένην
566 1342 768 1421 τιμωρήσασθαι
780 1342 901 1412 τελευτῆς
911 1343 956 1411 τῆς
965 1343 1040 1413 Τλη-

254 1434 384 1512 πολέμου,
398 1432 468 1505 τότι,
484 1435 519 1498 ὡς
531 1431 625 1490 έλαόεν
643 1428 726 1500 αὐτὴν
742 1428 909 1509 ὑποχείριον,
923 1427 1040 1504 ἐπιπέμ-

256 1526 305 1601 ψαι
320 1525 344 1581 oi
358 1520 471 1598 λουμένῃ
494 1517 706 1599 θεραπαίνας
728 1514 931 1597 Ἐριννύσιν
954 1517 1041 1575 εἰκα-

255 1607 451 1684 σμένας·καὶ
465 1597 548 1664 αθται
570 1604 743 1664 διαλαῦοῦσαι
764 1601 795 1673 δὴ
817 1601 864 1673 τὴν
880 1601 992 1675 Ἑλένην
1014 1604 1041 1660 αἱ

256 1704 379 1770 γυναῖκες
400 1695 566 1772 άπάχχουσιν
589 1691 632 1751 ini
652 1691 767 1773 δένδρου.
786 1692 919 1765 Ejusdem
945 1703 1041 1747 autem

255 1786 365 1863 generis
381 1785 455 1843 tituli
474 1782 681 1843 comoediarum
696 1792 761 1839 sunt
778 1780 862 1855 liujus
882 1776 999 1856 Νέμεσις
1013 1790 1043 1838 rt

256 1876 357 1953 Νόμοι,
371 1888 426 1934 etc.

527 1955 565 2008 X.
585 1951 767 2035 ΘΡᾼΤΓΑΙ.

295 2063 469 2133 Fragmenta
509 2075 521 2112 1
554 2057 638 2129 hujus
669 2057 771 2112 subulae
801 2066 1042 2112 commemoratur

259 2147 415 2203 ostracismi
423 2145 588 2214 discrimen,
596 2145 676 2218 quod
681 2145 801 2200 Pericles
808 2145 926 2201 eraserit
938 2163 944 2200 :
955 2144 1044 2218 igitur

257 2239 304 2291 rix
320 2233 441 2290 dubium
453 2243 495 2289 est
508 2234 579 2308 quin
591 2233 638 2289 Cr.
662 2231 796 2289 'sbressas
814 2232 928 2288 circiter
941 2232 1042 2304 olym-

257 2322 342 2398 piade
361 2321 400 2386 84
423 2323 539 2377 ineunte
553 2321 584 2375 in
603 2337 717 2376 scenam
738 2318 920 2394 produxerit.
946 2322 1041 2393 Argu·

257 2422 383 2467 mentum
393 2410 526 2465 dramatis
537 2407 575 2463 ad
583 2406 795 2463 Bendideornm
803 2424 883 2462 sacra
891 2417 1043 2481 spectasse,

257 2499 347 2553 choro
359 2507 506 2553 constante
518 2514 534 2551 e
546 2495 672 2551 Thressis
681 2494 856 2565 mulieribus,
871 2506 934 2568 quae
947 2512 982 2550 ea
994 2515 1044 2550 cu·

258 2595 364 2656 carent,
390 2585 581 2660 probabiliter
604 2583 728 2656 conjecit
750 2585 852 2658 Bergk.
879 2583 1041 2644 Commeat.

256 2694 288 2748 p.
304 2692 354 2747 91,
370 2675 423 2729 etsi
435 2672 592 2729 secundum
606 2672 773 2732 Boeclthium
788 2671 902 2748 (Indice
917 2672 983 2732 lect.
997 2673 1043 2728 hi·

256 2763 338 2819 bern.
355 2762 422 2816 anni
437 2759 523 2829 1828,
536 2780 568 2835 p.
587 2778 622 2815 ιιι
634 2758 644 2834 l
658 2762 682 2816 is
692 2761 785 2816 cultus
798 2759 914 2815 demum
931 2761 1041 2836 olymp.

257 2867 295 2922 ρο
314 2850 431 2923 publice
448 2860 581 2923 receptus
601 2848 686 2905 fuerit
701 2849 819 2905 Athenis
836 2867 844 2903 ι
861 2867 950 2922 quum
964 2850 1042 2904 enirn

256 2939 407 2995 verisimile
420 2939 468 3011 sit,
488 2947 571 2994 antea
582 2937 763 3011 peregrinam
777 2936 911 2995 Bendidis
924 2937 1044 3012 religio·

256 3045 322 3084 nem
335 3028 445 3083 animos
458 3026 564 3082 civium
577 3025 674 3085 multis
694 3025 787 3082 modis
801 3026 997 3100 occupavisse,
1012 3025 1043 3081 id

256 3119 349 3192 ipsum
363 3115 584 3189 movercpotuit
595 3113 759 3182 Cratinum,
771 3124 804 3167 nt
819 3131 906 3188 opere
922 3132 973 3169 sno
992 3114 1044 3187 gli·

256 3213 382 3259 scentem
404 3201 534 3258 barbarae
554 3201 762 3275 superstitionis
787 3218 913 3256 amorem
938 3203 1043 3255 restin-

255 3300 364 3366 gueret.
375 3287 401 3344 Ε
414 3292 504 3349 Mein.

637 3389 649 3424 1
657 3412 663 3425 .

296 3475 372 3529 Plut.
392 3474 458 3527 Vita
470 3472 585 3527 Periclis
597 3491 623 3529 c.
648 3472 706 3526 13:
730 3468 761 3526 τδ
774 3470 798 3527 δ’
816 3471 926 3548 ᾠδεῖον,
946 3474 979 3549 τῇ
997 3470 1045 3545 μὲν

257 3556 329 3622 ἐντδς
341 3554 455 3613 διαθέσει
469 3554 612 3635 πολύεδρον
623 3554 669 3613 καὶ
683 3555 861 3631 πολύστυλον,
874 3556 943 3636 τῇδ’
957 3556 1045 3636 θρέψει

258 3643 404 3722 περικλινὲς
418 3643 464 3701 καλ
477 3640 603 3709 κάταντες
612 3644 643 3700 tx
657 3650 718 3718 μιθς
729 3646 843 3722 κορυφῆς
855 3644 1043 3721 πεποιημένον,

258 3730 345 3789 εἰκόνα
354 3729 461 3807 λέγουσι
475 3728 650 3808 γενέσθαικαὶ
662 3732 773 3807 μίμημα
783 3735 830 3801 τῆς
841 3730 970 3809 βασιλέως
978 3755 1043 3803 σκη·

261 3823 324 3893 νῆς,
346 3821 545 3885 ἐπιστατοῦντος
570 3816 615 3876 καλ
635 3817 720 3897 τούτῳ
739 3819 907 3896 Περικλέους.
935 3819 983 3879 Διδ
999 3820 1044 3879 καλ

259 3905 340 3964 πάλιν
354 3908 405 3983 Κρ.
420 3908 446 3963 ἐν
461 3903 594 3985 Θρᾴτταις
603 3903 689 3974 παίζει
701 3903 766 3984 πρὸς
778 3905 864 3963 αθτόν·

307 4015 565 4112 ὸσχινοκέραλος
583 4021 652 4097 Ζεὺς
669 4014 719 4087 ὁδὶ
730 4022 943 4114 προσέρχεται,

306 4130 322 4191 ὁ
342 4126 523 4219 Περικλέης,
543 4120 669 4207 τῴδεῖον
687 4126 736 4192 ἐπὶ
756 4136 809 4192 τοῦ
827 4126 944 4219 κρανίου

306 4233 397 4323 ἔχων,
420 4226 525 4304 ἐπειδὴ
538 4233 723 4322 τοῦστρακον
742 4231 932 4325 παροίχεται.

258 4361 291 4415 V.
318 4378 328 4413 ι
345 4359 431 4417 codd.
446 4356 500 4433 όδε,
518 4361 598 4435 quod
611 4379 721 4417 versum
738 4363 879 4433 destituit;
892 4383 921 4422 ν.
935 4384 952 4420 a
966 4366 979 4421 δ
991 4366 1040 4420 ad·

1083 609 1188 688 τλνγδιρ
1198 608 1307 667 σκίλλαν
1319 609 1328 683 (
1338 608 1446 665 scillam
1457 608 1627 662 maritimam
1638 604 1737 672 Lina,
1747 619 1882 679 german.

1084 703 1131 755 die
1140 701 1273 765 Zwiebel,
1288 698 1406 753 herbam
1417 697 1511 770 capite
1522 713 1626 769 magno
1640 707 1668 749 ct
1680 691 1882 766 longiusculo,

1084 789 1169 862 quale
1183 787 1299 842 Periclis
1313 783 1390 857 fuit)
1406 781 1475 839 ἔστιν
1488 779 1531 838 ὅτε
1544 781 1590 838 καὶ
1599 788 1688 858 σχῖνον
1703 778 1882 854 ὀνομάζουσι.

1085 876 1225 928 Memorat
1243 883 1272 928 et
1285 870 1390 928 Pollux
1405 886 1433 941 a,
1455 869 1504 935 43.
1524 871 1616 940 Quem
1637 889 1728 943 quum
1743 868 1881 931 Odeum,

1084 961 1223 1035 proximis
1243 970 1308 1014 ante
1327 959 1409 1014 annis
1425 958 1539 1032 abipso
1560 956 1720 1025 conditum,
1734 958 1766 1010 in
1782 955 1884 1028 capite

1086 1059 1195 1122 gestare
1205 1046 1288 1116 dicit,
1309 1046 1433 1121 respexit
1443 1045 1561 1100 sortasse
1572 1044 1609 1099 ad
1624 1045 1735 1118 galeam
1745 1040 1883 1112 Periclis,

1086 1137 1177 1211 qualis
1194 1138 1224 1191 in
1238 1135 1303 1208 ejus
1320 1130 1462 1211 προτύποις
1475 1134 1660 1207 conspicitur,
1676 1142 1802 1207 propter
1815 1129 1886 1183 lon·

1085 1222 1241 1298 gitudinem
1268 1223 1367 1296 capitis
1397 1221 1543 1295 vulgarem
1571 1219 1692 1275 modum
1707 1216 1882 1276 ‚excedens

1086 1313 1161 1367 Plut.
1179 1312 1200 1368 l.
1214 1312 1235 1370 l.
1254 1331 1260 1366 :
1277 1308 1334 1367 ὅθεν
1352 1309 1380 1365 αἱ
1394 1306 1442 1383 μὲν
1457 1304 1553 1372 εἰκόνες
1565 1306 1644 1363 αὐτοῦ
1658 1301 1753 1383 σχεδὸν
1768 1301 1882 1359 ἅπασαι

1087 1396 1194 1475 κράνεσι
1208 1394 1390 1474 περιέχονται,
1408 1392 1446 1469 μὴ
1467 1390 1648 1470 βουλομένων,
1663 1394 1699 1458 ὥς
1718 1389 1805 1460 έσικε,
1825 1390 1883 1444 τῶν

1085 1486 1209 1563 τεχνιτῶν
1237 1482 1401 1551 ἐξονειδίζειν.
1417 1485 1441 1537 E
1463 1485 1553 1541 Mein.
1575 1477 1767 1556 Τούστρακον,
1785 1489 1885 1533 nstra-

1086 1575 1221 1651 cismum,
1235 1573 1285 1648 qui
1297 1568 1451 1647 aliquando
1462 1568 1644 1645 impendebat
1655 1568 1771 1625 Pericli.

1463 1696 1491 1732 a.

1127 1791 1223 1847 Schol.
1246 1792 1344 1864 Eurip.
1370 1788 1481 1844 Hecub.
1507 1806 1560 1862 797
1583 1785 1684 1861 (θυελε
1706 1783 1749 1841 ὅτι
1767 1783 1796 1842 δέ
1823 1785 1886 1841 ixa·-

1086 1875 1154 1933 νεῖτο
1170 1874 1221 1953 (τά
1235 1877 1369 1935 Δαιδάλου
1384 1874 1466 1953 ἔργα)
1479 1873 1525 1932 καλ
1537 1870 1623 1952 προίει
1635 1872 1741 1952 ρωνὴν,
1756 1870 1839 1937 αὐτός
1854 1892 1885 1927 τε

1087 1961 1232 2042 Εὐριπίδης
1242 1964 1269 2021 έν
1284 1964 1411 2042 Εὐρυσθεῖ
1426 1961 1506 2040 λέγει,
1521 1959 1566 2018 καὶ
1582 1963 1632 2038 Κρ.
1643 1962 1669 2017 έν
1681 1961 1735 2039 Θρ.

1193 2106 1223 2145 α.
1243 2079 1321 2146 Πανὶ
1336 2072 1431 2144 κάδον
1448 2071 1534 2169 δεῦρο
1554 2077 1709 2161 βάστασόν
1726 2103 1811 2145 τινα.

1143 2190 1173 2270 β.
1193 2185 1309 2276 Πότερα
1325 2190 1459 2276 χαλκοῦν
1476 2181 1495 2254 ἢ
1523 2178 1658 2262 ξύλινον,
1677 2208 1706 2250 α.
1734 2181 1787 2247 καὶ
1809 2208 1888 2273 χρυ-

1597 2282 1886 2380 [σοῦκέδινπροο-ὀζ.

1136 2400 1167 2479 β.
1186 2388 1348 2485 Οὐδαμῶς,
1355 2388 1472 2470 ξύλινος
1479 2384 1508 2458 δ’
1519 2395 1627 2469 ἐκεῖνος
1637 2387 1710 2485 [νῦν
1721 2387 1816 2468 ἄλλος
1835 2394 1888 2457 σοί

1720 2492 1820 2590 [ποτ’
1836 2496 1888 2579 ἦν,

1137 2602 1219 2671 ἀλλὰ
1235 2611 1368 2697 χαλκοῦς
1383 2603 1424 2667 ὢν
1439 2597 1567 2693 ἀπέδρα,
1583 2629 1613 2669 α.
1626 2601 1750 2691 Πότερα
1769 2593 1890 2668 baebe-

1137 2711 1156 2781 ἥ
1172 2733 1219 2785 τις
1235 2704 1362 2795 ἔκλεψεν
1380 2707 1490 2791 αθτόν;
1520 2754 1523 2767 .
1713 2701 1811 2798 [λειος
1831 2704 1887 2789 ἦν,

1087 2838 1181 2896 codd.
1195 2837 1232 2895 Π.
1247 2835 1328 2894 κακὸν
1343 2835 1369 2895 δ.
1386 2833 1497 2909 μαστάω
1511 2857 1535 2893 τ.
1551 2833 1614 2892 ποτὲ
1627 2857 1657 2912 χ,
1672 2833 1690 2903 ἢ
1705 2832 1731 2901 ξ.
1750 2832 1799 2891 καλ
1813 2834 1887 2913 χρύ·

1089 2947 1146 2985 σεον
1161 2927 1273 3002 προσῆν.
1287 2925 1341 2984 ούδ.
1359 2922 1381 2992 ξ.
1394 2924 1434 2981 ἐκ.
1446 2924 1494 2958 ***
1507 2920 1614 2984 ἀλλὰ...
1635 2922 1749 3000 ἀπέδρα.
1766 2919 1887 3001 πότερα,

1088 3027 1146 3078 etc.
1164 3014 1304 3070 Dobraeus
1315 3012 1352 3069 ad
1370 3012 1517 3087 Aristoph.
1533 3012 1609 3070 Nub.
1631 3011 1688 3068 518
1703 3006 1842 3067 κάδον-
1857 3031 1886 3069 α.

1089 3099 1184 3159 καλ-
1201 3102 1299 3178 προσῇ.
1314 3130 1354 3144 -
1372 3097 1427 3165 Εύλ.
1453 3097 1476 3155 δ’
1498 3096 1594 3162 ἐκεῖνός
1609 3096 1681 3174 [σου
1700 3098 1821 3175 χαλκοῦς
1843 3097 1890 3173 μοί

1090 3185 1149 3245 ποτ’
1162 3178 1203 3257 ἦν.
1211 3186 1223 3264 ]
1232 3189 1298 3243 llaec
1308 3186 1504 3259 incommoda,
1517 3186 1621 3259 quibus
1630 3205 1682 3241 nos
1688 3186 1888 3241 subvenimus.

1091 3276 1246 3332 Annotavit
1272 3275 1374 3347 Mein,
1395 3274 1452 3329 boc
1478 3273 1669 3347 fragmentum
1692 3273 1890 3328 memorabile

1091 3381 1148 3418 esse
1159 3372 1323 3438 propterea,
1332 3361 1412 3435 quod
1427 3379 1462 3416 ex
1476 3378 1511 3416 eo
1522 3361 1746 3435 intelligebatur,
1754 3362 1890 3417 comicos

1090 3462 1189 3525 poetas
1200 3450 1285 3506 etiam
1296 3448 1457 3524 Eupolideo
1470 3459 1562 3504 metro
1579 3467 1646 3503 usos
1656 3466 1716 3504 esse
1732 3450 1763 3503 in
1784 3449 1888 3505 diver·

1091 3538 1155 3596 biis.
1170 3538 1251 3595 Idem
1261 3536 1334 3595 adv.
1349 3536 1652 3610 ieomparatDionem
1660 3536 1761 3608 Chrys.
1770 3537 1822 3593 Or.
1838 3536 1889 3606 37,

1090 3642 1121 3697 p.
1139 3623 1191 3680 105
1213 3626 1250 3683 tt.
1266 3644 1272 3679 :
1287 3623 1301 3679 δ
1316 3619 1342 3679 δέ
1365 3620 1470 3698 άνδριδς
1489 3621 1541 3678 τῶν
1563 3621 1697 3681 Δαιδάλου
1719 3619 1887 3697 ποιημάτων

1092 3708 1182 3788 ἔτυχεν
1192 3707 1228 3768 ὢν
1243 3707 1288 3767 καί
1300 3706 1387 3767 λαθὼν
1398 3710 1466 3784 ὑμᾶς
1479 3706 1591 3786 ἀπέδρα.

1471 3820 1497 3876 3.

1132 3929 1232 3984 Pollux
1244 3947 1274 4002 9,
1290 3946 1326 4002 9¹
1346 3945 1354 3984 :
1374 3924 1455 3990 οθτυς
1468 3922 1500 3982 δν
1513 3924 1559 3982 καὶ
1581 3927 1633 4002 Κρ.
1650 3926 1676 3982 ἐν
1696 3926 1751 4002 θρ.
1771 3924 1889 4002 εἰρηκὼς

1091 4013 1131 4083 εἴη
1143 4012 1187 4070 τὸν
1201 4010 1298 4090 χρυσὸν
1312 4011 1417 4090 χρυσία·

1141 4128 1200 4203 ὅτι
1217 4131 1285 4205 τοὺς
1298 4130 1424 4221 κόρακας
1438 4129 1496 4210 τάξ
1511 4129 1666 4216 Αἰγύπτου
1681 4129 1798 4218 χρυσία
1814 4132 1889 4194 κλέ·

1585 4258 1720 4308 πτοντας
1738 4235 1886 4302 ἔπαυσεν.

1091 4365 1182 4438 Vulgo
1191 4361 1317 4432 κόλακας,
1329 4364 1411 4437 quod
1424 4373 1585 4419 correcttun
1597 4363 1628 4416 in
1641 4361 1744 4417 codice
1754 4364 1886 4437 iunger-

259 4445 332 4500 didit
347 4447 433 4503 blein.
448 4447 493 4502 nd
513 4468 583 4524 οχιν.
600 4448 638 4504 cl.
655 4449 1041 4526 ΡΙιιῑ.Ι.1.οιιρ.3;οίἈτ-
1090 4453 1197 4520 matini,
1210 4453 1261 4524 qui
1275 4453 1360 4507 ctiam
1374 4449 1502 4508 ἔπαυσαν.
1516 4449 1617 4523 Bergk.
1633 4450 1745 4507 Comm.
1760 4469 1794 4523 p.
1815 4451 1888 4518 105,

258 4530 326 4587 τικόι
334 4530 441 4600 ποιηταὶ
448 4533 635 4610 σχινοκέφαλον
646 4533 723 4591 αὐτὸν
739 4537 909 4612 (Periclem)
922 4536 1041 4595 ἐκάλουν·
1065 4516 1069 4586 l
1090 4535 1205 4594 ἔπαυσα.
1224 4540 1392 4595 εθονοοοτί
1406 4535 1518 4594 ἔπαυσεν
1537 4555 1544 4595 :
1564 4537 1674 4596 Chorus
1695 4538 1830 4611 loquitur
1850 4536 1890 4594 de

558 4699 737 4755 THRESSAE.

638 4792 662 4839 1.

295 4868 385 4924 Scilla
397 4869 485 4940 capite
494 4871 620 4941 luppiter
633 4871 687 4928 buc
699 4873 815 4940 accedit,

295 4955 423 5023 Pericles,
435 4955 541 5012 Odeum
552 4957 579 5012 in
591 4959 692 5014 vertice

296 5041 408 5106 habens,
423 5057 454 5097 ex
464 5057 517 5113 quo
529 5050 627 5098 testam
640 5045 743 5101 vitavit.

640 5137 657 5185 2

262 5256 267 5272 .
285 5215 353 5270 Pani
368 5214 470 5271 cadum
487 5218 607 5290 aliquem
620 5174 698 5275 alica.

1091 4703 1118 4759 b.
1138 4700 1889 4775 AEneumne.anligneum?atmmoaureum.madeat.

1091 4793 1117 4847 b.
1135 4792 1264 4857 Minime,
1276 4791 1324 4847 sed
1338 4792 1445 4863 ligneus
1458 4791 1504 4846 ille
1516 4794 1610 4858 [nunc
1621 4797 1663 4845 est
1677 4807 1683 4841 :
1700 4788 1789 4845 alium
1802 4789 1890 4846 babe-

1729 4874 1891 4942 basotinm

1091 4963 1138 5020 sed
1150 4979 1241 5021 aeneus
1251 4973 1424 5035 qnnmesset.
1432 4963 1546 5032 aufuait.
1558 4979 1582 5018 a.
1594 4961 1889 5026 Numdaedaleusiuit,

1093 5068 1127 5106 an
1140 5053 1239 5123 aliquis
1250 5067 1314 5106 cum
1327 5051 1434 5108 furatus
1448 5056 1505 5107 est?

1470 5145 1496 5193 3.

1069 5233 1071 5272 ἰ
1092 5226 1162 5294 Quia
1173 5240 1375 5283 corrosaurum
1386 5242 1418 5282 ex
1433 5226 1676 5298 Aigyptosurantes
1687 5227 1829 5285 cohibuit.
