3917 5950
415 691 475 735 vni
823 736 826 742 ,
877 744 881 753 ¹
977 674 1193 736 PRAEFATIO.

416 819 538 892 stram,
557 835 573 868 1>
596 804 644 876 de
658 805 805 900 antiqua
819 804 942 875 solum*
953 829 1103 900 prorsus
1115 823 1151 877 et
1166 808 1272 903 plane
1290 810 1401 892 valet3
1417 812 1454 881 in
1470 826 1594 882 nostra
1608 815 1743 883 etenim

416 926 507 997 illud
526 934 600 997 vita
613 926 658 998 de
674 927 839 998 moribus
853 926 1019 998 modoet
1035 928 1223 1000 affectibus
1240 956 1438 1028 eorumque
1456 933 1621 1005 fatalibus
1640 960 1745 1006 even·

415 1051 460 1118 tis
477 1050 630 1144 capitur,
653 1074 745 1132 non,
767 1052 861 1120 utin
885 1049 961 1136 illa,
977 1050 1024 1119 de
1046 1065 1120 1121 tota
1135 1051 1261 1148 populi
1279 1055 1349 1123 vita
1364 1070 1400 1124 et
1417 1057 1573 1126 actione.
1593 1060 1647 1126 De
1664 1080 1743 1127 mo·

414 1169 517 1240 ribus
535 1185 655 1241 autem
671 1172 754 1266 quia
771 1173 909 1242 mentio
925 1170 1074 1258 incidit,
1089 1170 1161 1242 hoe
1178 1172 1310 1244 addere
1323 1174 1461 1270 placet:
1481 1202 1554 1247 non
1572 1201 1742 1272 negamus

413 1315 498 1362 curn
524 1293 649 1387 cynica
666 1292 891 1389 impudentia
913 1308 950 1364 et
973 1293 1147 1368 obscoena
1168 1295 1368 1367 nudatione
1393 1298 1504 1368 multa
1528 1300 1680 1394 proferri
1704 1301 1740 1369 in

411 1415 559 1511 antiqua
586 1414 762 1487 comoedia
783 1430 890 1513 atque
910 1420 965 1513 agi
991 1421 1087 1512 (non
1118 1417 1370 1489 amulieribus
1395 1419 1562 1516 quidem,
1589 1445 1742 1517 quarum

412 1553 532 1633 partes
548 1539 645 1611 viros
661 1541 774 1635 egisse
789 1554 948 1627 constat,
967 1565 1087 1637 neque
1105 1565 1227 1613 coram
1243 1544 1418 1613 matronis
1444 1559 1480 1613 et
1503 1545 1637 1614 civium
1652 1543 1741 1616 lilia·

411 1661 524 1751 bus);
545 1661 609 1733 sed
633 1661 743 1733 iidem
766 1661 817 1732 illi
837 1679 971 1758 poetae,
995 1667 1057 1759 qui
1085 1663 1285 1735 immundis
1311 1664 1445 1736 facetiis
1472 1690 1741 1762 nonnunquam

412 1782 606 1856 indulsisse
619 1786 861 1881 reperiuntur,
874 1784 1040 1856 horribili
1055 1784 1196 1883 flagello
1211 1785 1396 1858 caedebant
1411 1787 1579 1860 homines
1592 1789 1741 1862 vitiosus

412 1922 447 1977 et
461 1906 649 1995 scelestos,
664 1931 756 2003 quos
773 1907 940 1981 hodierni
958 1907 1034 1979 ludi
1050 1911 1200 1980 comites
1213 1927 1250 1980 et
1265 1911 1450 1983 urbanitas
1466 1911 1601 1983 salibus
1615 1928 1651 1983 et
1666 1913 1739 1984 risu

413 2027 612 2123 perfundit.

459 2154 595 2220 Verum
610 2149 690 2220 laeta
707 2149 766 2220 illa
780 2150 946 2236 libertas,
964 2167 1006 2221 ut
1023 2167 1109 2221 sunt
1126 2176 1180 2222 res
1196 2153 1380 2241 humane,
1397 2153 1487 2224 abiit
1503 2155 1539 2223 in
1558 2153 1740 2225 licentiam

412 2287 448 2345 et
461 2279 535 2343 uim
544 2273 684 2367 dignam
700 2274 776 2366 lege
786 2280 861 2369 regi
866 2302 880 2358 ;
897 2276 1047 2344 accessit
1061 2275 1183 2345 infelix
1196 2275 1283 2345 belli
1298 2275 1594 2372 Peloponnesiaci
1612 2278 1739 2364 exitus,

410 2409 446 2467 et
460 2395 605 2465 fortuna
617 2394 718 2464 urbis
728 2395 849 2465 fracta.
865 2397 924 2467 sic
938 2397 1070 2467 lactum
1082 2397 1199 2469 utillo
1213 2412 1376 2494 tempore
1388 2397 1575 2469 Comoedia
1589 2399 1739 2470 modum

409 2530 564 2586 verteret
579 2531 614 2586 et
638 2518 837 2588 exoriretur
852 2541 963 2612 quam
988 2532 1124 2591 veteres
1141 2519 1256 2590 critici
1273 2518 1501 2616 appellarunt
1514 2509 1659 2591 mediam
1675 2547 1737 2592 co·

410 2637 592 2709 moediam.
611 2637 727 2710 Aliam
742 2641 840 2709 enim
858 2655 941 2735 post
958 2640 1017 2711 illa
1034 2641 1194 2713 comicus
1207 2642 1313 2735 jocus
1329 2641 1480 2713 ludendi
1500 2642 1653 2713 sormam
1673 2645 1740 2714 cir·

410 2763 634 2857 cumspicere
657 2761 828 2850 debebat,
846 2786 926 2858 quae
941 2762 1032 2833 nihil
1055 2762 1203 2837 haberet
1221 2763 1323 2860 quod
1338 2765 1376 2834 in
1394 2766 1598 2861 potentium
1620 2766 1738 2838 homi-

412 2907 519 2969 num,
539 2884 675 2981 quibus
707 2900 783 2955 tum
809 2909 949 2956 summa
973 2886 1010 2955 in
1041 2887 1184 2976 civitate
1215 2902 1376 2984 potestas
1407 2886 1622 2959 demandata
1646 2906 1737 2977 erat,

410 3006 730 3102 reprehensionem
744 3009 960 3098 incurreret,
975 3007 1038 3082 vel'
1053 3012 1173 3107 ipsum
1190 3010 1369 3107 populum
1380 3063 1389 3092 ‚
1399 3011 1473 3105 jam
1493 3036 1535 3082 ex
1551 3012 1736 3084 debilitate

409 3131 707 3225 suspicaciorem,
722 3131 933 3206 offenderet.
954 3138 1081 3230 Neque
1098 3149 1218 3205 tamen
1235 3133 1317 3206 ideo
1334 3132 1451 3204 media
1470 3134 1545 3204 hsec
1560 3135 1737 3207 comoedia

410 3251 586 3345 ingenuos
613 3253 761 3347 spiritus
785 3252 940 3341 dimisit,
960 3253 1024 3325 sed
1045 3254 1091 3325 ad
1111 3254 1326 3326 modestiam
1344 3255 1528 3352 quandam
1545 3280 1622 3327 sose
1637 3281 1736 3327 com·

409 3373 531 3467 posuit
550 3387 584 3443 et
600 3372 777 3444 leniorem
788 3373 913 3467 jocum
928 3377 1147 3471 temperavit.
1165 3377 1358 3447 Rarissima
1375 3375 1467 3447 stunt
1488 3392 1733 3472 argumentata

409 3492 566 3589 publicis
591 3493 698 3564 rebus
716 3496 844 3590 petita,
868 3496 996 3591 privati
1013 3510 1133 3566 autem
1156 3496 1341 3582 homiues,
1356 3522 1514 3594 quorum
1542 3523 1659 3569 mores
1681 3499 1734 3569 vel

410 3614 506 3716 dicta
522 3613 715 3688 offensioni
734 3632 796 3688 aut
813 3617 1029 3700 eminerent,
1047 3641 1138 3714 sepe
1152 3616 1404 3688 traducuntur.
1422 3620 1503 3689 Fuit
1523 3634 1646 3690 autem
1660 3618 1736 3690 baec

409 3737 585 3808 comoedia
598 3738 802 3832 jocosarum
816 3738 1006 3810 fictionum
1017 3738 1244 3828 feracissima,
1258 3765 1338 3837 quae
1348 3765 1440 3837 saepe
1450 3766 1492 3812 ex
1508 3740 1735 3837 mythologiae

409 3884 527 3954 groecae
542 3859 756 3931 inexhausto
772 3860 871 3933 fonte
885 3861 1124 3950 ducebantur,
1139 3888 1231 3959 soepe
1247 3865 1354 3934 etiam
1369 3889 1410 3935 ex
1431 3863 1735 3961 philosophorum

411 3981 573 4052 moribus
592 3982 846 4077 singularibus.
867 3985 1048 4081 Praecipua
1064 4009 1149 4058 vero
1165 3985 1202 4057 in
1221 3984 1289 4059 liae
1307 4001 1383 4059 erat
1398 3986 1499 4060 sedes
1507 3986 1735 4086 parodiarmn

408 4126 498 4197 quas
509 4101 691 4205 hodieque
707 4128 888 4188 vocamus,
905 4121 941 4176 et
955 4130 1195 4202 personarum
1208 4109 1301 4179 ultra
1311 4133 1436 4180 verum
1449 4127 1735 4206 exaggeratarum

409 4247 497 4319 quas
515 4222 670 4295 dicimus
684 4240 882 4321 grotesques
908 4253 918 4294 .·
943 4241 1053 4322 atque
1074 4228 1204 4300 harum
1228 4254 1466 4325 personarum
1492 4256 1573 4327 pars
1595 4234 1731 4303 transiit

409 4346 517 4416 etiam
532 4347 570 4416 in
589 4371 720 4417 novam
737 4348 969 4435 comoediam,
989 4366 1087 4421 certe
1101 4351 1239 4422 <milites
1259 4351 1405 4447 gloriosi
1430 4369 1465 4423 et
1486 4355 1652 4449 parasiti,
1671 4357 1733 4450 qui

410 4492 502 4567 saepe
522 4470 569 4541 ita
585 4470 814 4560 exhibentur,
838 4491 879 4545 ut
905 4472 1034 4546 niediae
1057 4471 1168 4571 quam
1187 4499 1286 4546 novae
1305 4474 1489 4546 comoediae
1505 4478 1650 4571 ingenio
1671 4502 1733 4573 ap·

410 4608 559 4688 pareant
573 4595 863 4691 propinquiores.

457 4715 548 4785 Talis
562 4731 637 4786 erat
657 4719 707 4787 rei
729 4721 873 4790 comica
888 4719 1038 4791 Athenis
1060 4717 1221 4789 conditio
1240 4717 1418 4816 usquead
1438 4716 1578 4790 cladem
1595 4720 1734 4791 chaero·

410 4861 560 4908 nensem
580 4865 587 4906 :
606 4839 746 4910 nullum
764 4865 804 4910 ex
821 4841 938 4913 media
955 4842 1023 4915 hac
1044 4858 1147 4916 aetate
1170 4860 1351 4918 servatum
1367 4859 1420 4915 est
1439 4862 1733 4919 monumentum.

408 4960 587 5029 Successit
597 4985 681 5028 nova
691 4962 880 5052 comoedia,
894 4988 1003 5060 quam
1017 4966 1194 5037 imitando
1209 4981 1462 5063 expresserunt
1474 4968 1588 5037 latim
1605 4983 1734 5064 poetae3

410 5080 541 5178 borum
555 5083 682 5177 viginti
702 5086 864 5181 quinque
888 5087 1025 5157 fabulas
1044 5089 1222 5159 habemns
1240 5091 1467 5185 superstites,
1491 5105 1659 5186 praeterea
1674 5117 1734 5188 ge·
