3917 5950
257 507 313 557 248

447 644 584 705 xxvtlt.
609 646 848 706 ΥΠΕΡΒΟΛΟΣ.

275 843 281 852 ¹
298 799 310 823 a
328 773 512 848 Hyperbolus
530 786 613 830 natus
627 776 681 831 fuit
693 789 775 850 patre
792 778 931 831 incertum
943 787 1039 832 utrum

253 864 364 931 Attico,
377 880 414 916 an
423 864 576 936 peregrino
589 865 631 936 (v.
642 864 679 921 l'r.
691 865 738 938 8),
752 865 911 938 Antiphane
926 865 968 938 (ν.
982 863 1043 919 An·

253 951 371 1005 drotion
391 949 468 1023 apud
493 951 581 1007 schol.
606 953 725 1007 Luciani
745 952 801 1007 νο1.
822 971 848 1021 ι,
871 970 900 1024 p.
922 949 975 1017 154
991 952 1038 1009 ed.

253 1042 329 1112 Llps.
339 1038 362 1111 ),
375 1039 421 1093 vel
432 1035 598 1104 Chremete,
610 1040 765 1094 secundum
775 1039 996 1114 Theopompum
1012 1041 1041 1093 in

253 1143 375 1180 excursu
397 1125 433 1180 de
453 1125 631 1199 demagogis,
654 1145 750 1199 quem,
771 1137 839 1181 teste
858 1126 994 1181 Athenaeo
1010 1136 1040 1195 4,

253 1232 284 1287 p.
302 1213 369 1283 166,
386 1217 424 1281 D,
440 1213 553 1269 decimo
576 1216 765 1270 Historiarum
785 1215 861 1269 libro
881 1214 1041 1285 addiderat,

253 1300 330 1374 apud
353 1301 475 1356 eundem
495 1303 584 1359 schol.
603 1321 635 1375 p.
660 1301 726 1370 155,
740 1313 768 1357 et
782 1303 873 1360 schol.
896 1303 1040 1377 Aristoph.

254 1390 332 1444 Pacis
345 1389 418 1458 660,
431 1390 481 1445 ubi
495 1388 632 1466 Χρέμητος
650 1390 802 1465 legendum
816 1401 857 1445 est
870 1410 924 1464 pro
939 1388 1041 1468 Χρέμι-

253 1474 306 1539 δας,
320 1476 446 1533 AElianus
460 1489 552 1533 autem
565 1481 597 1535 V.
620 1480 654 1533 II.
673 1498 719 1547 ιο,
737 1477 773 1545 43
793 1500 798 1531 ;
816 1474 983 1555 ’λ’περόόλου
995 1476 1039 1534 καλ

254 1562 423 1641 Κλεορῶντος
445 1563 528 1628 οὐδεὶς
549 1561 580 1621 ἂν
599 1561 667 1621 εῐποι
682 1562 740 1629 τοὺς
754 1562 879 1641 πατέρας.
902 1566 964 1621 IIoc
979 1577 1042 1621 utut

253 1663 307 1720 est,
319 1662 395 1707 certe
409 1652 548 1708 obscurus
562 1654 649 1707 homo
662 1653 716 1708 fuit
724 1665 806 1728 pater
823 1655 957 1726 omnique
970 1673 1042 1709 cou-

253 1740 375 1794 tumeliae
391 1757 496 1813 genere
508 1743 648 1816 oppletus,
660 1751 692 1795 ut
704 1759 789 1813 quem
806 1742 835 1794 in
848 1740 964 1815 publica
975 1760 1041 1795 mo-

254 1839 318 1882 neta
332 1830 459 1884 serviisse
472 1832 564 1885 tradat
577 1830 740 1885 Andocides
759 1830 837 1903 apud
847 1831 937 1885 schol.
951 1834 1038 1905 Vesp.

257 1932 347 1986 ¹⁰⁰¹3
366 1935 460 1988 neque
481 1917 672 1971 honestiorem
689 1917 771 1972 fuisse
785 1919 882 1972 matris
894 1918 1040 1974 conditio·

251 2021 329 2071 nem,
344 2021 380 2059 ex
401 2004 531 2059 Nubibus
546 2003 603 2058 550
620 2023 682 2077 sqq.
700 2015 729 2059 et
746 2005 1042 2079 TlresmophorIazusis

252 2089 327 2162 (840
341 2094 435 2163 seqq.)
446 2090 625 2168 intelligitur.
639 2093 701 2168 lpse
713 2090 895 2170 IIyperbolus
906 2104 1041 2151 utrumne

251 2178 368 2234 Athenis
383 2190 466 2235 natus
482 2184 527 2249 sit,
550 2201 588 2236 an
609 2183 816 2257 immigraverit
830 2201 895 2237 eum
914 2185 1040 2255 parenti·

251 2265 321 2334 bus,
337 2285 395 2321 non
414 2278 522 2323 constat
541 2265 586 2342 (v.
602 2268 638 2327 fr.
656 2265 701 2344 7).
722 2268 949 2324 Perithoidarum
964 2265 1041 2347 δήμῳ

250 2355 407 2429 adscriptus
424 2357 515 2428 (Plut.
537 2358 630 2416 Alcib.
656 2358 708 2427 13,
722 2359 786 2416 Nic.
815 2353 875 2430 ιι),
896 2357 977 2411 initio
996 2356 1041 2413 Iu·

251 2446 343 2498 cernis
354 2443 526 2499 fabricandis
537 2447 626 2500 vitam
644 2445 828 2512 sustentavit,
844 2442 1041 2500 fraudulenter

251 2534 334 2587 etiam
344 2531 527 2608 plumbopro
537 2552 592 2588 aare
601 2552 677 2588 usus.
687 2532 798 2606 (Schol.
808 2532 933 2587 Nubium
945 2533 1018 2599 1064
1031 2554 1037 2588 :

250 2619 280 2676 οὐ
296 2617 347 2697 γὰρ
358 2621 452 2698 χαλκῷ
467 2618 545 2695 μόνον
559 2621 655 2698 ἐχρῆτο
667 2619 730 2697 πρὸς
746 2618 794 2689 rhu
808 2621 859 2675 τῶν
874 2615 976 2696 λύχνων
990 2643 1038 2677 xa·

251 2705 395 2782 ταοκευὴν,
419 2705 488 2764 ἀλλὰ
512 2706 558 2764 καί
578 2706 702 2780 potietur
715 2707 850 2780 ἐνετίθει.)
866 2710 934 2763 Mox
945 2719 1040 2768 autem

252 2797 347 2853 forum
366 2798 560 2870 frequentans,
581 2797 785 2870 defendendis,
798 2797 942 2870 magisque
955 2817 1039 2853 accu-

251 2885 356 2956 saodls,
370 2885 480 2940 civibus
493 2902 612 2958 operam
624 2883 721 2952 dedit3
734 2882 812 2938 etad
826 2885 914 2956 ipsam
928 2903 1040 2959 rempu-

251 2973 357 3028 blicam
391 2972 564 3029 tractandam
605 2983 716 3028 mature
754 2973 870 3027 accessit
905 2971 1040 3047 (Luciani

251 3061 342 3120 schol.
358 3063 379 3118 l.
393 3060 413 3119 I.
430 3079 437 3116 t
453 3062 579 3138 Κρατῖνος
588 3060 616 3116 ἐν
629 3055 728 3135 Ὥραις
737 3060 771 3123 ὥς
782 3057 967 3135 προσελθόντος
980 3058 1039 3117 νέου

250 3150 288 3225 τῷ
301 3147 402 3223 βήματι
416 3145 547 3222 μέμνηται
562 3145 608 3203 καί
620 3147 682 3223 παρ’
697 3144 800 3216 ἠλικίαν
810 3145 831 3221 ),
846 3147 933 3220 idque
945 3149 1039 3204 incre-

251 3237 332 3292 dibili
348 3236 473 3311 quadam
485 3236 661 3309 impudentia
671 3246 700 3291 et
713 3236 790 3306 turpi
802 3234 931 3289 socordis
940 3236 1038 3308 plebe·

252 3325 322 3381 culae
341 3324 506 3379 adulatione
522 3324 564 3398 (v.
581 3323 724 3381 Maximus
742 3324 809 3395 Tyr.
823 3341 873 3396 ao,
887 3341 919 3396 p.
935 3323 988 3395 391
1003 3323 1011 3398 )
1029 3344 1037 3379 ι

250 3430 343 3484 neque
355 3413 430 3467 enim
442 3412 609 3484 eloquentiae
621 3411 762 3466 illecebris
775 3411 918 3464 hominem
929 3411 1039 3469 animos

253 3500 461 3557 Atheniensium
478 3501 533 3557 sibi
544 3501 722 3570 conciliasse,
735 3499 780 3553 vel
793 3500 849 3554 hoc
864 3498 1038 3557 documento

251 3599 303 3663 est,
326 3589 406 3660 quod
424 3588 511 3644 refert
534 3590 722 3661 Quintilianus
736 3589 817 3643 Instt.
842 3598 915 3645 orat.
943 3607 969 3657 ι,
990 3608 1037 3663 ιο,

255 3676 290 3730 18
301 3696 307 3729 :
320 3677 448 3729 Maricas
458 3673 648 3749 (Eupolidis),
659 3680 707 3748 qui
717 3687 758 3729 est
768 3675 952 3747 Hyperbolus,
963 3675 1041 3731 nihr'l

250 3783 280 3817 se
293 3783 331 3818 ex
348 3768 456 3817 musicis
468 3769 538 3817 scire
547 3768 602 3817 rrirr'
618 3766 727 3817 litteras
732 3765 887 3837 profitetur.
900 3763 992 3820 Immo
1003 3783 1039 3820 ne

250 3853 334 3906 attice
353 3851 469 3923 quidem
490 3869 555 3904 eum
570 3851 697 3904 locutum
711 3868 784 3917 esse,
809 3869 825 3905 e
847 3849 1006 3922 fragmento
1024 3870 1034 3905 r

250 3939 334 4010 hujus
347 3938 447 3995 sabutae
466 3938 623 4010 suspiceris.
645 3937 700 3993 Sed
719 3936 815 4009 quoad
830 3937 919 3993 Cleon
938 3940 1038 4012 reipu-

250 4024 334 4087 blicae
347 4025 476 4097 praefuit,
494 4024 679 4097 Hyperbolus
698 4025 809 4079 nonnisi
826 4026 963 4080 secundas
973 4043 1038 4099 age·

251 4115 300 4167 hat
315 4114 343 4166 in
357 4114 489 4181 civitate;
507 4113 557 4168 illo
572 4122 666 4167 autem
677 4122 802 4177 mortuo,
817 4102 989 4186 olympiadis
1000 4113 1038 4187 89

752 497 957 559 COMOEDIAE
979 498 1146 560 vutuuts
1167 501 1368 576 RELIQUIAE.

1086 635 1166 693 brut.
1183 635 1220 690 62
1237 655 1245 689 t
1261 638 1412 709 Hyperboll
1427 639 1627 711 improbitatem
1644 650 1754 694 veteres
1764 645 1865 698 Attico-
1929 663 1930 670 ¹

1086 743 1146 778 rum
1160 727 1307 779 comoeriioe
1324 726 1503 799 notaremur)
1526 727 1563 781 ad
1578 729 1720 784 saniorem
1733 731 1865 785 rationem
1929 731 1930 750 ³

1086 824 1280 882 revocaretur,
1294 814 1439 887 inopinate
1455 814 1491 869 de
1504 833 1633 882 summo,
1648 815 1686 870 ad
1697 815 1780 888 quud
1792 820 1865 873 malis

1087 900 1195 955 artibus
1213 901 1389 967 ascenderat,
1410 901 1527 957 honoris
1551 905 1744 976 potentiaque
1761 904 1865 978 fastigio

1087 987 1253 1044 deturbatus
1262 986 1366 1064 jacuit.
1377 990 1473 1047 Nicias
1483 991 1571 1059 enim,
1582 991 1626 1045 vel
1641 991 1744 1045 Pbaeax
1757 988 1766 1067 (
1774 992 1865 1048 dehoc

1086 1076 1294 1151 Theophrastus
1310 1078 1389 1152 apud
1404 1079 1478 1135 Plut.
1500 1079 1565 1136 Nic.
1584 1098 1631 1150 ιι,
1650 1090 1680 1133 ct
1699 1079 1792 1136 schol.
1812 1083 1865 1136 Lu-
1929 1069 1930 1098 ί

1086 1160 1161 1218 ciani
1175 1165 1196 1221 l.
1215 1165 1261 1234 t),
1277 1184 1365 1238 quum
1384 1167 1578 1240 principatum
1596 1167 1709 1240 eripere
1728 1167 1866 1224 studerent

1087 1249 1245 1323 Alcibiadi,
1268 1251 1451 1326 Hyperbolus
1473 1253 1643 1308 alterutrum
1660 1270 1763 1308 eorum
1784 1266 1864 1309 ostra·
1929 1261 1930 1290 r

1086 1339 1177 1395 cismo
1191 1339 1332 1412 expellere
1353 1358 1387 1395 ex
1410 1342 1504 1414 patria
1519 1351 1635 1395 conatus
1651 1350 1709 1408 cst,
1730 1359 1791 1413 qu⁰
1804 1341 1865 1396 faci-

1086 1426 1141 1481 lius
1155 1428 1189 1496 is,
1205 1428 1256 1500 qui
1276 1427 1467 1495 remansisset,
1481 1444 1532 1481 sua
1543 1424 1632 1501 ipsius
1647 1444 1738 1501 opera
1749 1446 1865 1482 summo

1085 1526 1222 1570 veretur:
1246 1525 1274 1570 at
1291 1525 1392 1570 contra
1409 1516 1538 1569 omnium
1549 1516 1795 1589 exspectationem
1813 1515 1865 1590 ipse
1921 1571 1925 1578 Δ

1087 1602 1287 1676 Hyperbolus,
1301 1603 1483 1658 machinante
1492 1603 1622 1677 inprimis
1641 1603 1806 1675 Alcibiade,
1819 1623 1864 1660 co-

1087 1690 1152 1746 dem
1166 1692 1335 1749 lestularum
1348 1689 1460 1761 judicio
1471 1691 1680 1761 damnatusest,
1690 1692 1864 1765 olympiadis,

1086 1789 1118 1832 ut
1142 1779 1267 1848 videtur,
1288 1797 1323 1853 91
1342 1797 1418 1833 anno
1440 1797 1452 1833 1
1470 1776 1549 1856 (ante
1570 1780 1638 1838 Chr.
1654 1791 1713 1835 nat.
1728 1778 1803 1854 λεδ)
1817 1798 1823 1836 :
1836 1802 1861 1840 ν,

1087 1864 1163 1923 Plut.
1180 1868 1271 1924 Alcib.
1297 1866 1416 1935 rante.
1438 1886 1484 1937 rr,
1502 1868 1618 1925 Aristid.
1639 1887 1668 1937 ρ.
1689 1869 1862 1944 Theopomp.

1086 1956 1196 2010 scholio
1215 1955 1251 2010 ad
1272 1956 1530 2028 Vesp.1001,ubi
1551 1954 1657 2029 legitur
1677 1952 1863 2033 ἐξωστράκισαν

1085 2043 1129 2100 τὸν
1144 2042 1304 2122 Ὑπέρόολον
1327 2041 1353 2110 ἓξ
1366 2042 1411 2111 ίτη
1430 2064 1485 2120 pro
1500 2042 1581 2114 δέκα,
1595 2045 1647 2100 sed
1665 2045 1863 2120 legendumest

1085 2133 1162 2194 πέντε
1170 2146 1286 2191 auctore
1298 2134 1470 2190 Philochoro
1482 2136 1512 2187 in
1525 2133 1686 2208 fragmento
1698 2134 1797 2189 Lexici
1808 2137 1863 2190 rho

1086 2234 1139 2278 tor.
1155 2222 1233 2297 apud
1246 2223 1340 2280 Dobr.
1355 2223 1385 2278 in
1399 2222 1477 2277 calce
1491 2221 1585 2280 Photii
1596 2240 1626 2297 p.
1641 2220 1717 2292 675,
1730 2224 1782 2295 qui
1796 2223 1864 2277 locas

1084 2312 1123 2365 sic
1143 2311 1230 2366 habet
1245 2330 1252 2365 :
1267 2313 1355 2367 τοῦτον
1381 2308 1458 2384 (scil,
1482 2307 1526 2364 τὸν
1547 2305 1863 2385 ἕξοοτρακισίλένταῌδει,

1084 2394 1118 2451 τὰ
1135 2395 1223 2453 δίκαια
1237 2394 1315 2454 δόντα
1334 2394 1379 2452 καὶ
1396 2392 1511 2454 λαθόντα
1528 2394 1593 2473 ὑπὲρ
1607 2395 1661 2452 τῶν
1678 2395 1755 2453 ἰδίων
1777 2399 1864 2456 τυντλ-

1084 2482 1239 2560 λαγμοίτων,
1257 2484 1285 2540 ἐν
1303 2481 1366 2542 δέκα
1380 2482 1492 2562 ἡμέραις
1509 2487 1672 2560 μεταστῆναι
1695 2487 1745 2554 τῆς
1767 2485 1860 2550 πόλεως

1084 2569 1130 2642 ἔτη
1145 2570 1218 2629 δέκα·
1231 2569 1338 2650 ὕστερον
1353 2569 1380 2628 δὲ
1401 2571 1519 2648 ἐγένοντο
1532 2568 1620 2632 πέντε.
1643 2573 1788 2647 Adeoque
1805 2594 1864 2630 mox

1084 2660 1144 2732 ejus
1158 2660 1224 2716 facti
1236 2662 1372 2736 poenituit
1385 2662 1579 2728 Athenienses,
1593 2662 1644 2733 qui
1659 2680 1722 2716 non
1736 2659 1781 2716 διὰ
1795 2661 1864 2717 δοιά·

1085 2745 1863 2827 penereldfiio‘ipurceqdbormihhddrbuorryplurxuluieyyi·

1083 2859 1129 2906 νην
1140 2838 1187 2906 τῆς
1198 2836 1297 2904 πόλεως
1311 2838 1417 2912 (Thuc.
1428 2838 1458 2910 8,
1471 2838 1507 2907 73
1515 2834 1535 2912 ),
1549 2837 1714 2910 improbum
1725 2839 1863 2894 hominem

1083 2926 1277 2982 honestissimo
1285 2945 1376 3002 poenae
1385 2943 1488 3001 genere
1495 2925 1662 2997 affecissent,
1674 2937 1708 2981 ut
1716 2945 1778 2981 cam
1788 2927 1864 2981 abeo·

1083 3025 1180 3087 gerent
1196 3014 1288 3090 (Plut.
1302 3016 1364 3072 Nic.
1383 3012 1590 3089 11).Secessit
1606 3023 1701 3069 autem
1716 3013 1862 3088 Hyperbo-

1083 3103 1126 3157 lus
1137 3104 1221 3158 exilio
1234 3104 1368 3158 multatus
1377 3105 1407 3158 in
1416 3104 1530 3159 Samum
1550 3102 1684 3169 insulam,
1697 3103 1748 3156 nbi
1760 3105 1861 3177 olymp.

1082 3210 1136 3264 92,
1153 3210 1164 3245 1
1181 3189 1267 3269 (ante
1282 3192 1348 3249 Chr.
1363 3202 1422 3247 nat.
1442 3197 1496 3256 [ιιι
1511 3189 1519 3265 )
1532 3190 1568 3246 ab
1590 3190 1760 3246 adversariis
1776 3210 1863 3265 popu-

1081 3280 1148 3334 laris
1169 3280 1280 3353 imperii
1300 3289 1428 3351 necatuS,
1450 3296 1612 3354 corpusque
1632 3277 1693 3350 ejus
1714 3291 1862 3333 contume-

1083 3369 1151 3423 liose
1167 3378 1319 3423 tractatum
1339 3379 1368 3422 et
1387 3368 1419 3422 in
1431 3384 1509 3422 mare
1527 3365 1669 3439 abjectum
1692 3365 1747 3421 fuit
1762 3364 1862 3443 (Thur.

1083 3456 1102 3512 l.
1119 3474 1144 3512 c.
1157 3466 1212 3511 etc.
1241 3499 1246 3509 .

1122 3545 1185 3598 Jam
1206 3454 1265 3618 ilisa
1284 3544 1344 3599 baec
1358 3541 1483 3598 Platonis
1502 3540 1645 3597 comoedia
1667 3559 1727 3614 quo
1744 3552 1862 3615 ternpore

1083 3642 1145 3687 acta
1159 3633 1205 3702 sit,
1230 3630 1280 3687 etsi
1304 3650 1389 3686 nemo
1413 3630 1517 3687 diserte
1542 3629 1679 3699 tradidit,
1701 3640 1796 3684 tamen
1811 3648 1862 3683 non

1084 3719 1205 3774 multum
1217 3737 1234 3774 a
1246 3735 1314 3773 vero
1325 3718 1510 3785 aberraveris,
1516 3717 1539 3771 si
1554 3717 1662 3791 olymp.
1681 3735 1730 3790 91,
1740 3735 1758 3771 a
1767 3717 1861 3771 factum

1083 3810 1222 3863 existimes
1249 3816 1315 3879 post
1340 3804 1552 3860 damnationem
1573 3804 1699 3859 hominis
1720 3824 1728 3858 :
1746 3823 1774 3858 ν.
1794 3804 1860 3862 Plut.

1083 3898 1144 3954 Nic.
1162 3916 1208 3964 ιι,
1221 3906 1251 3950 et
1267 3894 1361 3951 Alcib.
1378 3894 1425 3967 13,
1436 3893 1540 3968 fragm.
1558 3892 1661 3947 fabule
1674 3911 1703 3962 ι,
1724 3892 1860 3966 quodnisi

1083 3984 1196 4040 absente
1208 3983 1375 4057 Hyperbolo
1389 3982 1476 4038 scribi
1494 3999 1552 4036 non
1562 3983 1666 4055 potuit,
1680 3992 1739 4038 etc.
1754 4006 1767 4031 ν
1782 3983 1807 4036 E
1820 3982 1859 4036 AI.

1463 4113 1489 4148 1.

251 4219 326 4255 anno
341 4220 358 4254 2
374 4201 418 4255 Vel
436 4200 451 4253 3
468 4201 540 4274 Ilm
558 4200 603 4255 vel
621 4207 675 4266 4²¹
700 4210 765 4255 ὃῐὶῑθ
784 4199 850 4257 C¹¹¹2
870 4211 928 4254 ¹¹³²·
940 4200 962 4273 )‚
986 4220 1036 4274 1³0·
1123 4209 1306 4264 Herodianus
1322 4204 1388 4284 Περὶ
1401 4227 1460 4280 μον.
1481 4202 1575 4270 λέξεως
1590 4223 1620 4278 p.
1637 4223 1687 4274 ιο,
1704 4225 1716 4260 ι
1734 4200 1861 4263 εΠλέτωι

251 4289 336 4362 pulus
347 4306 381 4342 ex
394 4298 465 4342 nutu
475 4286 552 4359 ejus,
566 4284 646 4341 velut
667 4287 741 4360 genii
754 4286 914 4357 cujusdam,
930 4286 1037 4361 pende·
1083 4296 1172 4372 μέντοι
1184 4298 1199 4352 ό
1210 4293 1325 4370 κιομυιδς
1339 4297 1365 4351 ἐν
1381 4292 1539 4370 Ὑπερόολῳ
1555 4289 1672 4357 διέπαιξε
1683 4290 1733 4360 τὴν
1746 4290 1805 4348 ἄνευ
1818 4295 1859 4346 τοῦ

250 4378 309 4446 bat,
322 4386 459 4451 mutoque
473 4375 693 4450 perditissimum
705 4374 847 4429 hominem
861 4374 958 4430 favore
972 4392 1036 4428 am-
1082 4388 1203 4462 ,χρῆσιν
1216 4384 1225 4460 (
1236 4404 1325 4458 quum
1335 4383 1469 4439 dicebam
1480 4379 1548 4446 (3)(ος
1561 4398 1617 4456 pro
1629 4378 1744 4459 ayt-505),
1759 4382 1791 4444 ὡς
1802 4378 1861 4456 ρι’).

250 4467 349 4537 plexus
364 4475 417 4533 est,
435 4475 477 4533 ut,
493 4465 622 4536 quamvis
633 4464 710 4518 dona
731 4463 932 4537 lEgyptiorum
949 4463 1036 4517 Athe·

250 4551 393 4606 aiensibus
403 4553 485 4606 missa
495 4552 547 4605 sibi
555 4553 607 4605 soli
614 4550 792 4619 vindicasset,
799 4562 892 4605 tamen
901 4551 1035 4604 exercitui

252 4659 317 4693 eum
332 4639 508 4713 praeficerent
522 4652 550 4695 ct
561 4641 800 4694 hieromnemonis
817 4657 933 4693 munere
948 4657 1035 4693 orna·

249 4738 313 4781 rent
337 4726 439 4799 (schol.
470 4728 612 4801 Aristoph.
637 4729 708 4784 Aeli.
732 4726 789 4792 846
812 4737 840 4781 et
856 4726 930 4779 Nub.
950 4722 1033 4798 620).

249 4817 292 4869 Ita
311 4832 399 4885 quum
414 4832 467 4887 per
490 4816 601 4886 aliquot
625 4835 713 4868 annos
734 4816 859 4887 primum
886 4812 982 4868 locum
1005 4814 1033 4866 in

249 4899 400 4974 republica
420 4902 551 4955 tenuisset
573 4913 601 4957 et
621 4921 657 4956 nc
678 4903 897 4956 mordacissimis
919 4901 1035 4976 quidem

249 4990 431 5045 tomicormn
453 4987 558 5043 salibus
578 4989 621 5061 (v.
640 4991 713 5045 Plut.
738 4991 830 5046 Alcib.
862 4990 907 5047 13.
933 4990 1057 5053 Ciceroy

1083 4470 1173 4550 (iupus,
1186 4470 1270 4548 λέγων
1284 4469 1373 4534 οίίτως·

1131 4598 1203 4671 Od’
1222 4610 1256 4669 od
1272 4602 1329 4697 γὰρ
1345 4597 1550 4685 ἡττίκιζεν,ὧ
1566 4608 1679 4691 Μοῖραι
1692 4601 1787 4689 ρίλαι,

1130 4719 1213 4799 ἀλλ’,
1235 4717 1327 4783 ὁπότε
1343 4715 1396 4807 μὲν
1411 4714 1494 4808 χρείη
1507 4709 1711 4805 διῃτώμην
1728 4714 1835 4802 λέγειν,

1129 4835 1233 4923 ἔφασκ’
1257 4824 1511 4920 ἑδιαιτώμην·
1532 4827 1626 4893 ὁπότε
1643 4822 1673 4892 δ’
1696 4825 1782 4891 εἰπεῖν
1798 4818 1861 4889 δέοι

1129 4943 1322 5039 ὀλίγον,(ό
1336 4936 1366 5010 δ’
1382 4940 1394 5034 )
1411 4943 1525 5009 ὀλίον
1544 4942 1659 5034 ἔλεγεν.

1039 5107 1171 5116 ,α--υι

521 5175 773 5229 llYPEltBOLUS.

631 5266 655 5314 1.

251 5350 301 5406 llle
316 5364 376 5405 aero
387 5364 441 5404 non
456 5348 639 5416 atticissabat‚
654 5364 672 5403 0
688 5363 756 5403 carae
768 5350 876 5415 Parca,

1082 5171 1142 5239 sed,
1152 5172 1175 5226 si
1185 5172 1199 5221 ὃ
1209 5173 1286 5242 tyro
1295 5187 1352 5239 μην
1362 5167 1473 5241 quidem
1485 5165 1633 5222 dicendum
1648 5172 1716 5231 erat,

1085 5256 1500 5330 ρεοιιοιιιίοὺαῑέδιαιιώμηνς
1517 5255 1559 5307 siu
1569 5261 1661 5308 autem
1674 5251 1721 5307 lari

1084 5346 1215 5414 ὀλίγον,
1231 5341 1406 5411 (ίΙΙθ)6λίον
1418 5339 1534 5395 dloebtll.
