3917 5950
754 511 1011 571 antistianus.

100 646 118 719 5
141 643 274 717 δίδωσιν
289 654 389 742 ἡμῖνί
404 649 496 724 τόπος
510 642 591 713 ἄθλι’
612 645 738 721 ἀθλίοις.

143 760 317 833 Τοιοῦτοςί
333 753 396 839 βίος
407 754 559 845 οἱπίρετος,
575 745 684 843 φλέγμ’
703 754 757 815 οὐκ
771 749 859 839 ἔχων.

219 854 329 951 μ’
378 855 418 949 ν

147 986 201 1060 (de
215 987 379 1062 praestantia
391 985 509 1057 carun.)

147 1096 257 1179 Οὐδεὶς
269 1105 362 1196 κρίιυς
371 1102 514 1194 παρόντος
527 1100 619 1166 ἐσθίει
634 1100 738 1192 θύμον,

147 1199 213 1273 οὐδ’
233 1208 261 1273 oi
277 1202 434 1283 δοκοῦντες
450 1200 664 1298 πυθαγορίζειν.

72 1334 120 1392 καί
133 1331 271 1413 προελθὸν

147 1445 204 1525 Τίς
221 1445 297 1540 γὰρ,
317 1444 402 1539 (τίς)
424 1436 485 1511 οἶδ’
497 1450 586 1536 ἡμῶν
607 1444 643 1511 τὸ
660 1446 786 1536 μέλλον,
802 1447 863 1511 ὅτι

759 1548 863 1615 παθεῖν

77 1679 123 1724 ιο
149 1651 282 1750 πέπρωθ’
295 1654 413 1741 ἑκάστῳ
423 1653 591 1744 τῶνφίλων
602 1676 611 1739 ;
623 1654 701 1747 ταχὺ
712 1644 751 1727 δὴ
761 1649 864 1720 λαὸὼν

147 1764 232 1830 ὄπτα
246 1763 381 1853 μύκητας
398 1757 544 1851 πρινίνους
558 1749 665 1825 τουσδὶ
677 1751 748 1823 too!

72 1890 199 1948 Vei-sul
220 1909 260 1954 τις
274 1888 405 1945 additum
430 1887 567 1945 aGrotio
583 1888 718 1962 Excerpt.
745 1905 777 1962 p.
795 1884 863 1956 637.

72 1982 110 2035 V.
132 1979 235 2054 9tibri
248 1973 286 2042 τίς
299 1973 351 2054 γίιρ
372 1963 453 2035 οἶδ’...
474 1977 561 2034 llein.
583 1972 632 2040 Τίς
652 1973 704 2053 γάρ
726 1975 786 2032 ποτ’
804 1961 863 2031 οἷδ’.

73 2071 109 2123 V.
128 2087 160 2124 11
186 2062 320 2141 μύκητας,
341 2065 372 2122 h.
394 2082 422 2124 e.
439 2061 587 2138 ἀμανίτας,
601 2063 758 2137 interprete
777 2064 866 2117 Hero·
911 2105 916 2116 .

74 2156 165 2214 diano
174 2154 301 2217 cnmer.
317 2151 426 2214 Anecd.
440 2151 535 2210 Oxon.
551 2149 581 2224 3,
593 2169 624 2226 p.
642 2150 711 2220 231,
725 2151 775 2224 qui
788 2151 865 2206 hunc

74 2265 191 2302 vernum
211 2245 344 2320 apponit.
368 2246 411 2300 De
432 2240 527 2298 noxiis
549 2235 737 2317 discriteus.
759 2240 862 2298 Athen.
914 2274 928 2300 ι

73 2333 213 2392 Cetermn
225 2334 281 2389 hoc
301 2332 438 2406 hysteron
449 2341 588 2404 proteron
601 2340 644 2386 est
656 2330 865 2405 emphaticam,

73 2421 244 2478 cneorum
260 2437 360 2489 more,
373 2437 426 2493 pro
446 2413 515 2494 ταχίι
529 2413 561 2486 δὴ
625 2412 685 2473 δίο·
706 2413 745 2480 τίς
762 2413 814 2493 γὰρ

73 2508 128 2565 τῦν
142 2504 244 2587 φίλους
257 2527 286 2566 ν.
299 2507 400 2566 Matth.
415 2506 465 2564 Gr.
479 2525 511 2581 p.
526 2504 602 2581 906,
619 2503 719 2579 Odyss.
732 2509 759 2574 i,
774 2503 841 2560 208.

115 2721 386 2798 ldem1,p.3,F:
459 2630 474 2689 a

124 2836 190 2903 Τοῦ
201 2835 258 2930 γάρ
272 2862 320 2914 τις
335 2833 430 2902 ιῖλλου
445 2835 517 2927 πρὸς
533 2833 605 2900 θεῶν
620 2858 674 2926 περ
687 2837 793 2901 οὕνεκα

126 2937 247 3020 εὔξαιτο
256 2949 398 3009 πλουτεῖν
412 2947 541 3035 εὐπορεῖν
554 2965 589 3008 τι
603 2939 768 3033 χρημάτων

125 3048 145 3122 ἦ
159 3059 214 3116 τοῦ
229 3042 373 3116 δύνασθαι
386 3043 581 3142 παραῧοηθιῖν
594 3054 658 3123 τοῖς
674 3045 791 3139 φίλοις,

126 3155 259 3251 σπείρειν
270 3157 427 3249 τεκαρπὸν
441 3155 589 3249 Χάριτος,
605 3144 731 3231 ἡδίστης
747 3155 838 3239 θείης

77 3258 99 3331 5
125 3272 180 3329 τοῦ
196 3263 250 3355 μὶν
265 3271 344 3329 πιεῖν
358 3261 414 3356 γὰρ
428 3261 478 3329 καὶ
493 3269 598 3354 φαγεῖν
611 3258 666 3338 τὰς
682 3254 793 3339 ἡδονὰς

126 3372 240 3462 ἔχομεν
254 3369 377 3461 ὁμοίας·
393 3368 461 3462 οὐχὶ
473 3375 536 3446 τοῖς
549 3366 719 3460 λαμπροῖοί
734 3374 763 3462 γ’
782 3364 818 3433 ἂν

127 3467 262 3552 δείπνοις
278 3476 314 3542 τὸ
323 3484 428 3547 πεινῆν
442 3474 591 3555 παύεται,

75 3615 154 3676 Ἀντ.
168 3614 258 3697 φησίν.
271 3618 361 3674 Versu
373 3636 385 3673 1
397 3612 461 3694 πρὸς
471 3612 551 3673 ἄλλον
561 3613 625 3672 θεῶν
636 3634 698 3695 περ,
709 3634 729 3673 α
737 3634 867 3692 quocum-

77 3708 264 3780 quedeomm.
273 3705 320 3762 Sic
331 3706 417 3762 codd.
428 3705 486 3763 VL.
497 3705 663 3780 llalerulgo
672 3707 806 3762 omittunt
816 3727 866 3784 περ

77 3796 268 3869 particulam:
280 3791 656 3868 ci.lncert.18‚aa,0dyss.
669 3813 716 3865 11,
729 3799 797 3865 tio,
809 3806 864 3855 etc.

78 3883 211 3938 Aliorum
220 3882 385 3957 corrigendi
397 3892 516 3938 conatus
528 3882 634 3938 multos
643 3900 669 3939 ν.
682 3900 729 3958 ap.
742 3883 866 3941 lleinek.

78 3988 110 4045 p.
125 3968 183 4027 558
200 3969 249 4028 ed.
264 3971 312 4028 alt.
324 3972 359 4028 V.
374 3968 393 4025 6
408 3968 477 4024 libri
497 3964 557 4045 οὐχί
572 3965 600 4025 δί
612 3967 664 4035 τοῖς
675 3968 702 4025 λ.
724 3966 786 4048 γιίρ.
799 3971 865 4031 vid.

79 4076 147 4115 ann.
161 4057 200 4114 ad
212 4057 358 4132 Aristoph.
374 4056 497 4115 Acharn
512 4053 581 4116 615.

97 4226 114 4275 ⁵
133 4221 213 4277 nobis
221 4221 271 4277 dat
279 4221 355 4294 regio
365 4220 464 4277 misera
474 4220 591 4277 miseris.

132 4307 209 4367 talis
219 4308 275 4366 rita
285 4306 410 4366 febribus
424 4314 497 4365 carot
509 4321 542 4365 ao
554 4306 662 4380 pituita.

133 4483 221 4538 Neruo
235 4479 451 4538 adstanteme
460 4399 518 4536 liu
528 4478 670 4552 thymum,
779 4493 783 4500 ’

132 4583 169 4626 ne
182 4568 403 4642 pythagorissare
412 4567 526 4641 quidem
534 4567 586 4625 sibi
594 4566 653 4628 risi.

132 4741 203 4814 Quis
215 4740 309 4810 emm,
320 4739 385 4814 qnia
396 4659 524 4800 nostitlm
533 4740 611 4796 novit
624 4738 788 4797 futurumst
799 4737 867 4809 quid

80 4833 114 4884 io
130 4826 394 4900 cnmueamieorum
405 4826 552 4885 lanient?
567 4840 617 4899 age
626 4825 720 4897 igitur,
731 4824 786 4886 cito

132 4930 195 4973 assa
206 4914 309 4988 fungos
317 4914 368 4971 hos
383 4914 440 4974 duo
452 4915 584 4989 iligneos!

461 5008 489 5058 4.

113 5089 268 5163 Cuiusnam
277 5090 350 5147 atius
362 5089 403 5146 rei
416 5103 499 5146 causo
510 5088 676 5162 quisquuma
689 5087 868 5161 quibuscum·

114 5173 698 5249 weobmpetatdivitiasopoientiamque.
736 5175 869 5247 [quediis

113 5263 167 5319 nisi
179 5270 212 5319 ut
222 5261 328 5319 aonio
339 5274 399 5317 esse
408 5259 502 5316 unicis
510 5263 596 5331 possit

112 5356 142 5406 et
151 5347 277 5409 fructum
287 5361 379 5406 serere
394 5344 511 5414 onia,
523 5344 690 5403 naussum
700 5344 782 5406 deaii

1286 640 1313 697 ε.

946 747 1026 804 idem
1041 748 1080 802 ιο,
1097 766 1129 821 p.
1147 755 1175 817 ς,
1191 748 1212 803 r
1231 766 1236 800 ;

957 857 1051 925 Οὗτοι
1067 850 1102 925 δὲ
1119 849 1202 950 (δὴ)
1217 857 1257 925 τὰ
1278 856 1388 925 δεῖπνα
1405 866 1467 924 τῶν
1482 860 1513 936 ἐν
1530 860 1667 952 τῇπίλει

956 966 1087 1057 ἀφορῶσι
1097 1018 1155 1034 .....
1174 962 1225 1030 καὶ
1241 967 1383 1031 πέτονται
1403 957 1509 1041 δεξιῶς

956 1067 1007 1136 ἐπὶ
1015 1066 1100 1136 ταῦτ’
1115 1065 1263 1153 ἄκλητοι,

908 1195 976 1256 ’elin
992 1194 1074 1276 φησί,
1088 1193 1133 1253 καί
1146 1193 1237 1271 ἐπείγει

956 1347 1005 1358 -·
1019 1307 1068 1387 οὒς
1085 1311 1120 1376 ἐκ
1133 1318 1234 1375 κοινοῖ

909 1407 929 1480 5
956 1405 1020 1480 ἔδει
1036 1418 1151 1507 τρέφειν
1168 1415 1220 1481 τὸν
1234 1405 1347 1505 δῆμον,
1363 1413 1410 1479 olei
1423 1414 1465 1497 θ’,
1484 1420 1583 1501 ὥσπερ
1623 1470 1627 1478 ,

956 1513 1136 1611 ὀλυμπίασί
1151 1542 1224 1611 φασι
1235 1526 1302 1595 ταῖς
1318 1517 1418 1610 μυίαις
1435 1528 1546 1604 ποιεῖν,

959 1627 1029 1708 βοῦν
1036 1633 1100 1703 τοῖς
1108 1627 1252 1702 ἀκλήτοις
1259 1623 1520 1718 προκατακόπτειν
1527 1636 1692 1718 πανταχοῦ.

909 1754 1021 1809 Versus
1038 1754 1121 1827 posui
1133 1750 1160 1810 δὲ
1176 1749 1220 1822 δή.
1240 1749 1358 1810 Jacobs.
1374 1751 1455 1829 praei.
1473 1754 1589 1810 Antliol.
1608 1752 1693 1810 tutat.

908 1859 939 1918 p.
952 1840 1001 1912 66,
1012 1857 1078 1898 sun.
1095 1860 1104 1911 ².
1120 1844 1188 1899 «De
1200 1837 1232 1912 δὴ
1243 1851 1307 1918 post
1321 1836 1347 1898 δί
1361 1842 1463 1897 crebro
1474 1843 1577 1898 omino
1592 1841 1650 1898 dixi
1664 1843 1694 1896 in

909 1929 1022 1988 Additt.
1035 1931 1177 1989 animadv.
1191 1931 1228 1988 ad
1240 1932 1308 1989 Atii.
1319 1951 1350 2005 p.
1367 1931 1435 1987 332.
1450 1955 1462 1981 υ
1478 1928 1604 1986 Meinek.
1618 1933 1655 1995 0,
1667 1929 1694 1986 δὲ

909 2014 991 2093 πρὸς
1005 2013 1037 2073 τὰ
1050 2017 1088 2089 δ.,
1103 2019 1153 2093 qui
1165 2037 1194 2073 ν.
1211 2037 1228 2073 ο
1250 2018 1363 2093 supplet
1377 2014 1442 2086 ist,
1459 2028 1488 2073 et
1509 2018 1695 2090 «Sequentia,

909 2105 1019 2177 inquit,
1046 2123 1114 2162 av.
1142 2110 1158 2170 l.
1182 2121 1217 2161 ex
1240 2104 1372 2179 pluribus
1394 2105 1522 2160 versibus
1551 2106 1694 2159 contraxit

909 2201 1011 2247 auctor
1029 2184 1184 2265 Epitomes.
1200 2216 1212 2242 ν
1226 2193 1259 2250 V.
1276 2190 1293 2248 5
1311 2191 1430 2247 sortasse
1453 2190 1634 2247 scribendum
1654 2202 1696 2247 est

909 2298 999 2356 ιοαπερ
1013 2278 1043 2335 ol
1063 2276 1192 2352 ’ολυμπ.,
1210 2291 1279 2350 ειο.,
1294 2281 1325 2339 h.
1341 2298 1368 2340 e.
1388 2279 1412 2337 οί
1430 2276 1573 2355 ἄνθρωποι.
1589 2279 1694 2335 Salma-

909 2368 963 2423 sius
984 2363 1109 2444 ὡσπερεί.
1130 2370 1174 2425 De
1193 2369 1295 2424 muscis
1316 2368 1387 2423 mire
1409 2367 1573 2422 dissentiens
1590 2368 1697 2422 Plinius

911 2456 949 2509 H.
965 2454 1001 2509 N.
1018 2473 1070 2529 οφ,
1085 2453 1115 2526 6,
1132 2453 1181 2522 31..
1200 2456 1342 2511 «Nullum
1362 2454 1466 2510 animal
1487 2455 1580 2509 minus
1604 2454 1697 2509 docile

911 2542 1098 2613 existimatur,
1114 2543 1269 2598 minorisve
1289 2543 1458 2600 intellectus.
1479 2544 1521 2597 Eo
1540 2542 1698 2598 mirabilius

910 2640 967 2701 est,
977 2630 1115 2706 Olympiae
1126 2649 1207 2688 sacro
1218 2631 1372 2687 certamine
1383 2629 1474 2687 nubes
1488 2648 1585 2687 earum
1596 2630 1696 2687 immo·

909 2715 967 2771 lato
992 2728 1092 2789 tauro,
1118 2736 1204 2792 quem
1221 2718 1362 2791 Myiadem
1384 2728 1503 2787 vocant,
1531 2728 1612 2774 extra
1635 2728 1698 2774 ter-

910 2803 1043 2860 ritorium
1056 2805 1087 2861 id
1098 2805 1187 2865 abire.
1206 2829 1218 2856 υ
1235 2807 1322 2862 Mein.
1337 2827 1343 2860 :
1357 2830 1370 2855 ι
1385 2807 1544 2881 Religionis
1557 2806 1696 2880 originem

910 2902 1008 2947 narrat
1021 2893 1139 2951 Pausan.
1161 2891 1187 2963 5,
1208 2898 1262 2957 14:
1280 2892 1415 2948 traditiun
1430 2892 1467 2948 ab
1481 2893 1602 2948 Hercule
1616 2894 1696 2947 instin

911 2989 1003 3035 tutum
1015 2978 1138 3037 tenuisse
1149 2982 1249 3052 Eleos,
1263 2991 1292 3038 et
1303 2983 1404 3037 lovem
1416 2992 1607 3055 cognomento
1618 2977 1696 3037 Ἀπό-

911 3087 993 3141 μυιον
1003 3067 1138 3138 coluisse,
1152 3065 1294 3125 ίλαιίνοντα
1306 3071 1353 3138 τῆς
1368 3065 1473 3132 Ἠλείας
1487 3064 1637 3142 Ὀλυμπίας
1650 3066 1697 3132 τὰς

912 3152 1000 3228 μυίας.
1010 3157 1088 3212 Alius
1095 3175 1211 3231 quoque
1220 3156 1298 3228 deus,
1309 3157 1459 3233 Magrus,
1470 3158 1506 3212 ab
1514 3157 1611 3213 iisdem
1624 3156 1698 3215 Eleis

911 3244 1003 3299 uulnus
1017 3254 1073 3313 est,
1086 3244 1225 3302 referente
1239 3246 1332 3301 Plinio
1350 3264 1398 3316 ιο,
1413 3244 1462 3313 ο8,
1477 3249 1525 3314 io,
1538 3256 1594 3300 etc.
1604 3268 1616 3292 ν

1292 3365 1322 3420 6.

951 3470 1032 3526 Idem
1044 3471 1084 3529 ib.
1099 3490 1129 3546 p.
1149 3477 1194 3537 τίς,
1209 3470 1233 3529 F
1247 3489 1255 3525 t
1271 3467 1338 3527 πολὺ
1353 3467 1380 3526 δὲ
1395 3467 1425 3525 τὸ
1443 3467 1564 3526 σύντονον
1586 3466 1631 3525 καὶ
1644 3490 1696 3526 κα-

911 3557 1029 3637 ματηρὸν
1039 3559 1085 3630 τῆς
1094 3556 1153 3638 περὶ
1163 3554 1210 3629 τὴν
1223 3554 1405 3639 σφαιριστικὴν
1416 3555 1540 3634 ἁμίλλης,
1551 3553 1617 3616 τότε
1627 3552 1696 3615 κατὰ

911 3642 969 3711 τοὺς
983 3645 1180 3725 τραχηλισμοὺς
1197 3646 1342 3727 ῥωμαλέον.
1359 3644 1427 3704 llos.

960 3760 1055 3852 Οίμοι
1069 3753 1279 3854 κακοδαίμων,
1291 3763 1343 3828 τὸν
1358 3759 1509 3855 τράχηλον
1526 3766 1565 3838 ὡς
1579 3761 1641 3854 ἔχω
1654 3755 1661 3825 ί

912 3884 1037 3943 Galenus
1050 3887 1148 3944 libello
1159 3890 1202 3944 De
1212 3906 1299 3963 parva
1308 3889 1382 3962 pila,
1393 3888 1470 3963 opp.
1483 3888 1543 3944 vol.
1556 3893 1623 3963 4‚p.
1639 3885 1693 3942 301

912 3972 948 4029 ed
960 3975 1058 4049 Basil.‚
1072 3976 1203 4032 laudante
1214 3976 1278 4034 Cas.
1290 3992 1298 4033 ι
1308 3972 1370 4032 ὅταν
1381 3971 1433 4051 γὰρ
1443 3972 1624 4050 συνιστάμενοι
1634 3972 1698 4054 πρὸς

913 4057 1042 4132 ἀλλήλους
1065 4061 1110 4119 καί
1130 4060 1325 4128 ἀποκωλῦοντις
1355 4058 1508 4141 ὑφαρπάσαι
1528 4058 1575 4131 τὴν
1599 4053 1696 4137 μεταξὺ

914 4228 931 4278 5
951 4239 1015 4281 nam
1026 4223 1138 4281 bibendi
1151 4223 1264 4298 quidem
1274 4234 1355 4298 atque
1368 4224 1466 4281 edendi
1477 4225 1627 4297 voluptates

948 4309 1244 4382 paueshabemus‚nec
1255 4310 1405 4384 magnificis
1494 4317 1497 4322 ‘

948 4396 1037 4469 epuiis
1050 4396 1136 4454 umes
1145 4397 1287 4455 eximitur.

1291 4517 1318 4566 5.

949 4611 987 4669 Hi
1000 4612 1075 4669 euim
1088 4628 1153 4671 sane
1164 4613 1285 4670 convivia
1296 4614 1397 4672 civium

948 4698 1094 4757 obsonant
1104 4739 1158 4756 .....
1171 4699 1258 4773 iisque
1270 4698 1379 4758 dextere

947 4782 1077 4842 advolant
1088 4785 1214 4843 invocati.

948 4887 1065 4943 -quos
1079 4887 1094 4928 e
1105 4871 1244 4928 communi

913 4965 930 5015 5
949 4958 1021 5015 εΙοεο
1034 4955 1148 5014 debebat
1162 4956 1296 5031 populas,
1307 4965 1443 5032 utusque,
1456 4964 1487 5014 ut

949 5042 1085 5116 Olympias
1096 5043 1199 5100 muscis
1212 5042 1292 5116 ajunt
1306 5043 1374 5112 fiori,

948 5129 1048 5185 bovem
1060 5129 1193 5186 invocatis
1205 5137 1383 5202 praemaotnre
1393 5127 1502 5200 ubique.

1289 5251 1316 5301 s.

913 5351 962 5407 Va
978 5347 1047 5406 mihi
1059 5348 1171 5416 misero,
1185 5346 1317 5406 ulcenis
1332 5362 1393 5406 ιιιεο
1405 5345 1500 5404 liniet!
