3917 5950
664 491 947 552 APOLLODORUS
968 491 1129 553 uulnus.
1171 522 1173 526 v

150 608 155 617 ι

60 673 65 678 ,
159 625 182 685 l.
207 622 490 683 AllOllAPTEPssN
517 621 534 692 ἢ
561 623 811 682 uilissimos.

473 754 496 790 1.

127 848 232 905 Athen.
251 867 297 917 ιι,
310 865 340 920 p.
358 853 427 917 ἀρα,
443 847 465 903 C
479 866 484 900 :
500 844 693 920 Ἀπολλόδωρος
708 844 731 902 δ’
743 848 756 902 l
770 846 872 923 Γελῷος

83 933 115 988 ἐν
135 932 313 1013 Φιλαδέλφοις
326 930 344 1002 ἢ
355 930 595 1010 Ἀποκαρτεροῦντι,
613 931 691 1010 φησίν

185 1088 234 1098 -
250 1040 364 1139 lapideis
381 1049 549 1138 στρώματ’,
566 1047 791 1139 ἀργυρώματα,

138 1152 323 1247 δηρίκλειαι,
340 1151 392 1221 καὶ
406 1151 530 1246 τορευτὰ
541 1159 697 1226 πολυτελῆ
712 1158 847 1244 ποτήρια

138 1261 237 1351 ἕτερα.

82 1387 178 1444 Versu
192 1388 287 1444 ulibri
298 1384 439 1465 θηρίκλειοι
453 1384 584 1463 τορευταί.
602 1386 722 1444 l‘orson.
739 1385 873 1464 θηρίκλεια

83 1472 134 1531 καί
146 1472 255 1552 τορευτά
269 1496 299 1532 π.
314 1495 346 1534 π.
362 1471 536 1551 Θηρίκλειαι,
556 1476 647 1534 intell.
672 1472 784 1537 κύλικες.
804 1500 815 1523 ι
831 1475 873 1529 Si·

82 1563 188 1620 milem
209 1581 306 1619 rerum
329 1564 518 1637 pretiosarum
542 1580 689 1619 recensum
705 1562 770 1617 vide
795 1562 874 1637 apud

82 1651 277 1708 Menandrum
289 1647 344 1708 Ἀλ.
357 1661 385 1719 [ς.
401 1653 470 1707 Haec
487 1651 659 1725 Apollodori
676 1651 793 1723 Carystii
816 1667 875 1705 esse

85 1740 129 1793 ait
145 1739 245 1795 Suidas
257 1758 285 1800 r.
301 1735 457 1805 Σπουδάζιο.
470 1741 509 1794 »Ε
520 1740 563 1794 M.

468 1862 494 1901 2.

127 1958 211 2016 Stob.
235 1958 314 2016 Flor.
342 1957 687 2028 16,11,eum1emmaie
711 1954 873 2014 Ἀπολλοδώ·

85 2064 136 2122 ρον
147 2042 354 2125 Ἀποκαρτερῶν.

136 2156 226 2228 Ant
241 2155 350 2251 σχεδόν
368 2161 449 2227 τιτὸ
471 2158 635 2251 κεφάλαιον
645 2167 706 2224 τῶν
723 2168 824 2225 κακῶν

137 2266 267 2359 sipiritus·
286 2272 316 2334 ἐν
329 2266 506 2359 φιλαργυρίᾳ
515 2264 571 2358 γὰρ
586 2260 678 2330 πάντ’
693 2266 748 2329 ἔνι.

325 2424 361 2482 ll.
382 2421 639 2514 ΔΕΥΣΟΠΟΙΟΣ.

126 2554 171 2608 lta
191 2554 304 2608 Kuster.
326 2571 341 2608 e
358 2549 446 2608 codd.
463 2552 563 2625 Paris,
581 2568 640 2604 non
659 2548 828 2634 Atuoonorol,
843 2560 875 2604 ut

83 2641 177 2714 vulgo
188 2651 217 2696 et
231 2639 309 2714 apud
321 2639 495 2708 Eudociam3
517 2639 547 2697 b.
560 2657 586 2695 e.
606 2639 731 2705 Tinctor,
748 2639 805 2692 sive
824 2639 873 2692 ln·

85 2728 199 2796 sector3
225 2728 292 2784 alias
310 2730 418 2802 passius
439 2729 570 2783 colorum
594 2727 752 2800 epitheton,
779 2744 805 2781 e.
830 2743 872 2801 gr.

83 2816 166 2891 apud
172 2816 318 2890 Diphilum
329 2812 496 2894 Συντρόφοις.
509 2815 622 2872 llloeris:
637 2811 791 2872 Δευσοποιαί
800 2813 873 2869 cirri·

84 2905 157 2972 κῶς,
170 2905 261 2982 βαφεῖς
270 2899 371 2967 κοινῶς.
385 2906 559 2960 Mentionem
570 2903 703 2959 dramatis
713 2902 780 2958 lecit
789 2903 872 2958 etiam

83 2992 199 3050 Snidas.

367 3097 423 3155 lll.
449 3097 587 3155 lllPlllA.

127 3220 202 3278 Vide
215 3222 245 3277 in
258 3220 423 3297 fragmentis
441 3222 559 3295 Carystii
575 3220 755 3295 Apollodori.
769 3221 872 3275 Nostro

86 3308 224 3365 tribuunt
233 3304 336 3365 Stridas
349 3320 378 3365 et
394 3310 532 3367 Eudocia.

303 3430 353 3491 lV.
377 3427 666 3490 ΑΠΟΛΕΙΠΟΥΣΑ.

125 3552 231 3609 Athen.
247 3551 276 3623 3,
292 3572 323 3627 p.
343 3551 407 3622 125,
423 3557 449 3609 A
465 3574 473 3607 ι
487 3554 501 3609 δ
517 3548 577 3609 ’Am‘
589 3547 612 3606 δ’
625 3551 640 3606 δ
652 3548 753 3628 Γελῷος
764 3545 868 3603 καὶτοῦ

83 3638 189 3696 λάκκου
206 3639 301 3711 αὐτοῦ,
317 3635 406 3717 ὥσπερ
424 3642 502 3713 ἡμεῖς
519 3634 648 3715 λέγομεν,
673 3630 829 3711 μνημονεύει
846 3632 872 3688 ἐν

83 3725 280 3807 Ἀπολειπούσῃ
295 3725 385 3797 οὕτως,

135 3839 305 3936 Ᾱγωνιῶσα
318 3843 368 3910 τόν
381 3869 415 3909 τε
433 3853 485 3910 τοῦ
495 3840 612 3908 λάκκου
625 3833 720 3905 κάδον

133 3952 255 4016 λύσασα
265 3947 382 4017 καὶτὸν
397 3958 457 4014 τοῦ·
466 3949 609 4041 φρέατος,
626 3949 774 4038 εὐτρεπεῖς

134 4053 191 4133 τάς
208 4053 324 4147 ἱμονιὰς
339 4053 512 4128 πεποίηκα.’

82 4208 96 4233 ι
110 4185 166 4239 Vix
183 4182 305 4239 duilium
323 4184 392 4256 quin
405 4183 465 4238 hrec
480 4200 498 4237 a
509 4182 626 4236 muliere
645 4178 777 4234 dicantur
790 4177 819 4231 in
831 4176 872 4230 ci-

81 4281 212 4327 sternam
227 4270 406 4343 descensura,
420 4269 537 4326 fortene
549 4279 608 4324 uta
622 4266 715 4322 mariti
726 4263 871 4335 injuriisse

83 4368 228 4416 tueretur.
246 4357 280 4413 ld
290 4358 393 4413 fabula
402 4359 498 4413 titulus
508 4357 620 4413 videtur
626 4355 765 4410 indicare.
776 4351 871 4408 Situlae

86 4447 169 4501 fimes
186 4457 279 4501 antem
296 4445 432 4519 solverat,
454 4455 486 4500 ut
501 4446 605 4501 scalam
616 4442 683 4498 inde
703 4438 868 4506 conficeret,

141 4615 271 4668 lNEDlA
290 4615 407 4669 Vl'l'AM
426 4613 570 4669 FlNlENS
595 4611 636 4666 vel
662 4611 820 4667 FRATlllS

412 4701 548 4757 AMANS.

123 4925 156 4935 -
172 4896 311 4953 Continuo
320 4897 471 4968 stragulae,
484 4912 546 4953 vasa
561 4907 700 4970 argentea,

81 4981 228 5039 Thericlea
239 4991 266 5038 et
278 4983 374 5040 eahta
387 4987 504 5056 pretiosa
519 4987 616 5057 poeula

82 5068 147 5124 alis.

467 5149 492 5196 2.

82 5242 139 5301 Sed
154 5252 238 5318 eaput
251 5245 386 5302 malornm
399 5246 469 5303 lere.

82 5330 178 5388 dixisti
193 5351 199 5385 ι
216 5332 246 5386 in
258 5332 369 5387 avaritia
383 5334 458 5389 enim
470 5336 561 5392 omnia
574 5336 676 5393 insunt.

196 5436 341 5474 messim
361 5439 496 5478 muscosus
510 5442 651 5482 assessus.

1644 511 1700 562 651

922 625 1003 697 eujus
1014 644 1068 700 ope
1080 627 1109 680 in
1120 635 1239 699 puteum
1251 625 1444 683 descenderet.
1460 657 1470 678 ν
1490 633 1512 685 Ε
1522 634 1567 692 M.
1585 636 1673 690 Versu
1687 637 1702 690 l

919 713 957 767 sie
971 715 1134 789 Dslecamp.
1150 732 1205 788 pro
1222 711 1379 781 πεποίηκας.

1070 842 1095 898 V
1129 841 1554 905 ΙῬΑΜΜΑΤΕΙΔΙΟΠΟΙΟΣ.

960 965 1053 1021 Suidae
1082 977 1110 1021 et
1139 967 1272 1023 Eudociae
1296 979 1416 1024 vocatur
1437 968 1703 1047 Γραμματόδειπνσς,

918 1051 968 1108 sed
981 1054 1082 1109 Pollux
1094 1064 1123 1124 4,
1140 1074 1176 1129 19
1193 1076 1199 1109 ι
1217 1053 1398 1134 γραμματεῖον
1415 1053 1443 1113 dl
1460 1053 1534 1135 παρά
1551 1060 1605 1123 τοῖς
1615 1057 1703 1118 Ἀττι-

919 1139 973 1205 κοῖς
984 1140 1030 1198 καί
1045 1141 1073 1199 ἐν
1086 1131 1108 1221 ᾧ
1123 1142 1245 1222 ἀργύριον
1255 1141 1393 1218 ἀπέκειτο,
1407 1141 1422 1201 δ
1436 1147 1647 1227 (γραμματεῖον)
1660 1149 1704 1207 καὶ
1757 1183 1759 1187 »

919 1227 1040 1287 κιὸώτιον
1054 1230 1173 1289 ἐκάλουν·
1190 1233 1214 1291 ol
1230 1230 1259 1289 li
1274 1231 1394 1309 νεώτεροι
1409 1231 1473 1292 atel
1488 1235 1535 1294 καί
1547 1238 1704 1317 άργυριοίή-

920 1338 968 1387 κην
979 1316 1125 1392 ὠνόμαζον.
1141 1318 1336 1401 Ἀπολλοδώρου
1349 1318 1376 1378 dl
1387 1325 1432 1379 τοῦ
1443 1320 1548 1401 Γελῴου
1560 1324 1605 1383 καὶ
1616 1328 1704 1404 offepol

920 1407 990 1462 ἐστιν
1006 1408 1313 1485 δί’ραμματειδιοποιδς.
1328 1412 1372 1466 Ita
1386 1413 1470 1468 etiam
1485 1432 1532 1483 ιο,
1547 1416 1620 1490 193:
1637 1417 1664 1474 ίν
1677 1415 1704 1475 δὲ

919 1497 957 1574 τῷ
968 1500 1014 1552 τοῦ
1024 1494 1129 1577 Γελῴου
1144 1496 1202 1556 'Am
1213 1498 1479 1579 Γραμματειδιοποιῷ
1493 1502 1662 1578 κυμινοδόκη·

968 1605 1090 1689 Μεταξὺ
1103 1623 1164 1680 τῶν
1174 1613 1274 1707 λόγων
1290 1608 1324 1679 δὲ
1336 1614 1425 1681 τουτί
1441 1642 1492 1707 μοι
1507 1611 1594 1686 δοκεῖ

967 1710 1180 1808 κυμιυοδόκιιν,
1191 1726 1224 1787 οὐ
1240 1728 1466 1813 γραμματεῖον,
1480 1729 1653 1817 περιφέρειν.

920 1868 931 1894 ι
945 1846 1081 1903 Formula
1094 1844 1190 1921 μεταξὺ
1203 1850 1255 1905 τῶν
1269 1846 1354 1924 λόγων
1365 1851 1559 1924 colloquentes
1571 1868 1705 1912 excusant

922 1933 1018 1989 subito
1035 1936 1187 2011 abruptum
1203 1949 1231 1993 et
1252 1938 1309 1993 alio
1336 1938 1497 1994 traductum
1518 1959 1702 1999 sermonem:

919 2021 977 2079 vid.
989 2023 1138 2080 Heindorf.
1149 2025 1184 2081 ad
1198 2025 1322 2080 Platonis
1332 2025 1478 2082 Phaedrum
1491 2045 1523 2102 p.
1539 2030 1596 2087 213
1612 2047 1619 2085 ε
1636 2028 1703 2108 ἀτὰρ

920 2106 1018 2183 μεταξὺ
1027 2111 1079 2167 τῶν
1090 2110 1184 2185 λόγων,
1198 2101 1240 2189 ἆρ’
1253 2112 1282 2168 οὐ
1292 2111 1350 2169 τάδε
1364 2103 1396 2182 ἦν
1407 2112 1438 2170 ιδ
1453 2112 1526 2192 δίνδρ
1542 2139 1568 2187 ν,
1582 2120 1623 2196 ἐφ’
1638 2117 1703 2196 ὅπερ

920 2188 980 2266 Ιἦγες
993 2200 1079 2274 ἡμᾶς,
1096 2200 1195 2274 Tertio
1207 2201 1273 2256 loco
1294 2201 1395 2257 Pollux
1409 2222 1435 2272 7,
1454 2222 1519 2278 190,
1539 2207 1706 2280 simpliciter

919 2285 1567 2364 Apollodorinomenposuit:'Excoipurorrcde
1577 2291 1603 2350 δὲ
1615 2295 1703 2370 δρᾶμα

921 2370 1062 2443 Ἀλέξιδος,
1103 2374 1149 2431 καὶ
1185 2375 1458 2451 Γραμματειδιοποιδς
1500 2377 1703 2458 Ἀπολλοδώρου.

920 2464 1021 2518 Athen.
1036 2484 1062 2534 7,
1078 2484 1108 2540 p.
1122 2464 1191 2534 280,
1203 2468 1240 2538 D,
1251 2466 1336 2521 etiam
1350 2466 1423 2523 haue
1437 2467 1562 2525 fabulam
1574 2470 1704 2546 Carystio

920 2549 1084 2626 adscripsit,
1098 2553 1128 2607 in
1138 2569 1197 2625 qna
1210 2552 1330 2610 Casaub.
1344 2566 1490 2611 recoctum
1506 2556 1631 2633 aliquem
1645 2560 1707 2617 for-

919 2638 1060 2694 mularum
1083 2649 1132 2695 aut
1161 2640 1255 2694 litium
1278 2653 1500 2715 procuratorem
1522 2649 1704 2720 perstrictum

920 2723 1173 2799 dissertissimi,
1190 2730 1358 2785 assentiente
1376 2728 1530 2789 llemsterh.
1553 2734 1591 2790 ad
1613 2738 1706 2792 Pollu·

921 2831 982 2869 cem
1000 2832 1043 2884 ιο,
1062 2815 1180 2889 193.Ac
1194 2834 1259 2872 sane
1272 2816 1446 2892 γραμματεῖα
1462 2831 1491 2876 et
1504 2822 1702 2897 γραμματείδια

920 2906 1025 2981 passim
1040 2904 1174 2961 dicuntisr
1195 2904 1285 2961 libelli
1307 2908 1352 2962 uel
1364 2909 1547 2983 'instrumenti
1558 2903 1704 2983 judicialis

922 2993 964 3068 (v.
981 2992 1019 3050 ad
1029 2992 1216 3050 Menandrum
1225 3013 1255 3069 p.
1273 2990 1461 3071 115];neque
1470 2998 1551 3053 aliter
1562 3004 1705 3076 accepisse

919 3081 1033 3137 videtur
1062 3081 1177 3145 Grotius
1204 3083 1338 3156 Excerpt.
1369 3102 1399 3158 p.
1426 3083 1500 3154 820,
1523 3086 1703 3162 Libellificem

919 3170 1129 3242 interpretatis.
1145 3169 1240 3225 Potest
1250 3181 1343 3227 tamen
1357 3172 1441 3227 etiam
1450 3172 1548 3243 homo,
1560 3178 1704 3252 quippep-

920 3261 1033 3329 ματιῑα,
1048 3256 1077 3312 h.
1091 3274 1115 3313 e.
1128 3254 1317 3334 ἀργυριοθήκας
1331 3258 1495 3329 fabricatur,
1509 3263 1641 3339 intelligi.
1661 3270 1702 3322 Eo

919 3346 978 3419 ipse
989 3363 1042 3400 nos
1056 3345 1156 3400 Pollux
1168 3345 1258 3402 ducit.
1273 3371 1285 3395 ι
1298 3347 1325 3401 E
1335 3347 1378 3404 M.

1169 3463 1219 3523 Vl.
1243 3466 1455 3525 ΨΕΓΔΑΙΑΣ.

964 3613 975 3638 ι
992 3589 1130 3644 Vitiosum
1141 3587 1266 3654 Ψεοδίας
1281 3591 1358 3665 apud
1377 3592 1543 3653 Eudocism.
1564 3594 1705 3663 Ψευδαίας

919 3677 995 3732 enirn
1005 3675 1085 3732 haud
1096 3675 1184 3732 dubie
1194 3677 1287 3732 dictus
1300 3691 1468 3752 personatus
1480 3680 1570 3756 Ajax,
1581 3694 1609 3739 et
1622 3686 1706 3741 simi·-

920 3766 960 3820 les
983 3764 1057 3819 tituli
1070 3775 1135 3819 sunt
1154 3765 1330 3821 Pherecratis
1347 3778 1375 3822 et
1389 3766 1535 3825 Menandri
1554 3769 1704 3851 Ψευδηρα·

919 3852 1002 3921 κλῆς,
1015 3852 1170 3908 Nicostrati
1185 3850 1454 3929 Ψευδοστιγματίας,
1475 3858 1610 3915 Timoclis
1630 3860 1704 3919 Ψευ-

919 3936 1061 4013 δυλῃσταί,
1088 3939 1193 3996 Cratini
1210 3951 1238 3995 et
1260 3941 1378 4015 Crobyli
1402 3941 1675 4019 Ψευδυποὸολιμαῑος.
1691 3977 1703 3999 ν

920 4028 944 4080 E
960 4028 1003 4081 M.
1023 4023 1126 4082 Pollux
1150 4046 1195 4096 ιο,
1219 4026 1283 4097 ι38,
1297 4030 1326 4082 in
1341 4029 1532 4103 descriptione
1552 4046 1704 4108 apparatus

918 4115 1045 4170 militaris
1065 4131 1072 4171 :
1094 4111 1139 4171 καί
1163 4123 1326 4191 στρωματεῖς
1340 4113 1367 4172 δὲ
1386 4117 1437 4191 (cf.
1455 4120 1547 4176 Alexis
1570 4122 1653 4201 Κρατ.
1668 4125 1700 4201 l.)

919 4199 976 4258 Ἀπ.
989 4222 1017 4257 τι
1029 4203 1044 4258 δ
1058 4200 1160 4279 Γελιῖιος
1170 4199 1228 4279 ἔφη,

966 4314 1134 4406 Μάχαιρα,
1151 4315 1273 4405 λόγχη,
1291 4321 1497 4408 στρωματεύς.

1121 4602 1244 4657 VIRUM
1262 4602 1504 4672 RELINQUENS.

922 4687 1023 4744 Animo
1035 4687 1198 4744 oonturbato
1209 4688 1392 4761 situlamque
1403 4689 1431 4745 in
1444 4693 1559 4750 cisterna
1571 4705 1621 4763 est,

920 4781 947 4829 et
958 4773 1016 4845 ejus
1027 4788 1089 4846 quse
1106 4774 1134 4829 in
1147 4784 1239 4847 puteo,
1254 4775 1353 4832 exsolvi
1364 4818 1372 4844 ‚
1384 4785 1412 4834 et
1424 4781 1488 4836 usui
1503 4796 1564 4839 meo

882 4930 884 4933 ι
920 4859 1123 4917 accommodavi
1135 4860 1224 4919 funes.

1077 4951 1310 5009 FABRICATOR
1329 4956 1544 5014 THECARUM.

919 5038 959 5092 Ut
969 5043 1059 5092 autem
1073 5037 1143 5094 inter
1154 5053 1294 5096 sermones
1304 5039 1413 5110 dicam,
1427 5042 1480 5100 hoc
1490 5046 1558 5102 milri
1571 5047 1677 5107 videtur

921 5123 1023 5178 cumini
1045 5123 1253 5195 repositorium,
1271 5142 1326 5185 nou
1349 5133 1564 5202 argentitlreoam
1586 5138 1706 5193 circurn-

1178 5269 1318 5327 rsnsus
1337 5274 1443 5331 ιιικ..
1621 5206 1700 5265 ‘em'

918 5349 1008 5417 Ensis,
1035 5350 1126 5424 hasta,
1147 5356 1227 5411 vestis
1240 5357 1368 5429 stragula.
