3917 5950
842 506 1014 568 EUPOLlS.

100 613 220 694 ἄτοπον)
241 621 298 680 καὶ
316 625 372 685 ἐπί
387 635 442 689 τοῦ
456 634 617 693 ἀνυπόπτου.
634 638 667 693 Ε.
681 636 718 694 ll.
733 661 747 686 ι
761 636 816 694 Καί
827 636 906 694 πόλλ’

102 705 217 782 'iridis
231 716 313 769 τοῖσι
337 720 488 798 κουρείοις
506 720 559 801 ἐγὼ
571 719 672 788 ἀτόπως
690 722 814 796 καθίζων,
829 721 905 782 κούδί

107 797 234 878 γιγνίισκιιν
246 798 361 862 δοκῶν.
377 831 394 858 s
405 811 579 869 scribamus

148 914 196 983 liei
213 916 318 984 πολλ’
336 919 443 1015 ἐγῷδ’
462 930 494 992 ἐν
513 934 595 994 τοῖσι
618 927 759 1020 κουρείοις
775 929 850 994 esav

148 1023 263 1101 ἀτόπως
272 1022 424 1107 καθίζων
443 1023 536 1098 κούδὲ
555 1038 731 1126 γιγνώσκειν
748 1024 857 1101 δοκῶν.
886 1058 903 1091 ν

109 1137 311 1226 ιΕκίιν,1ἱί>ειιε,
323 1159 460 1230 libenter,
471 1162 516 1219 Ci.
526 1162 687 1219 Pherecrat.
697 1163 735 1222 ir.
743 1164 845 1220 ineert.
856 1163 905 1232 30,

107 1244 249 1322 lletmipp.
261 1241 324 1304 Ἀθ.
338 1266 400 1323 γον.
421 1268 450 1307 ι.
469 1249 492 1307 Γ
493 1247 645 1324 ιγνώσκειν,
661 1247 907 1329 εοί1.τίιρηθίντα,

106 1351 147 1388 res
164 1333 199 1390 de
221 1334 338 1409 quibus
357 1338 574 1414 colloquuntur
591 1340 620 1394 in
646 1341 803 1396 tonstrinis.
830 1342 908 1396 Dure

22 1421 26 1424 ’
107 1421 202 1497 bergis
218 1433 250 1478 et
268 1424 367 1480 Mein.
386 1424 445 1483 Καὶ
462 1426 542 1483 πόλλ’
556 1425 693 1502 ίμαθονέν
712 1440 766 1487 ete.
780 1428 909 1484 Alterum

105 1529 217 1566 versum
237 1511 417 1569 Pherecrati
433 1516 536 1571 tribuit
553 1534 673 1591 gramm.
693 1515 780 1574 neta.
803 1520 857 1574 An.
877 1535 909 1590 p.

106 1602 174 1674 iiio,
192 1618 240 1656 ra.
259 1602 310 1658 Sic
317 1604 600 1676 autem,utvidetur,
609 1604 792 1681 Hyperbolus
801 1603 905 1662 doctri·

104 1707 170 1745 uam
183 1706 279 1762 mam,
290 1691 405 1748 talibus
417 1693 447 1748 in
457 1691 529 1748 locis
544 1692 723 1768 acquisitam,
732 1691 894 1749 venditans>

494 1807 525 1867 [ς.

151 1907 284 1967 Eustath.
299 1907 338 1964 ad
351 1909 389 1966 ll.
402 1929 434 1985 p.
448 1907 519 1979 300,
531 1927 569 1965 aa
583 1906 657 1967 είδί
675 1906 837 1985 Ἡρωδιανὸς
853 1913 907 1974 τοῖς

106 1993 266 2073 εἶρημίνυις
286 1994 462 2075 παραπηγνὺς
485 1994 532 2053 καί
561 1994 604 2053 τὸν
629 1991 703 2075 παρίι
724 1997 763 2074 τῷ
786 1996 906 2072 Kaprai)

109 2085 217 2158 (nnn.
236 2083 310 2159 549)
327 2084 469 2164 Μαρικᾶν,
482 2082 514 2141 τὸ
529 2082 662 2163 βάρὸαρον
681 2082 784 2159 ὄνομα,
803 2080 846 2140 διὰ
860 2086 906 2140 τοῦ

104 2193 140 2228 vt
153 2172 281 2241 κλιθῆναι
292 2168 380 2248 λίγιι,
394 2170 557 2252 παραφέρων
570 2175 666 2250 χρῆσιν
679 2169 777 2242 ταύτην

155 2283 240 2354 ltt’
257 2285 309 2354 οὖν
325 2289 423 2382 ἔγωγέ
440 2314 488 2355 σοι
506 2290 586 2380 λέγω
602 2292 778 2379 Μαρικᾶνπα
793 2290 834 2378 μὴ
854 2310 905 2350 κυ-

788 2386 903 2470 iniiam.

106 2551 118 2572 ε
134 2523 298 2599 Eupoliffis
308 2541 368 2580 esse
378 2541 490 2579 versum
500 2523 559 2595 jam
571 2524 638 2578 olim
646 2523 781 2580 indicari.
790 2523 908 2578 Secutus

102 2624 142 2667 est
157 2611 273 2686 Bergk.
297 2612 470 2668 Commentt.
491 2629 523 2685 p.
547 2609 622 2679 356,
642 2611 729 2666 Niciae
746 2610 805 2664 hae
819 2608 907 2665 verba

102 2717 161 2755 esse
182 2699 365 2773 conjiciens,
384 2716 503 2774 ptenam
522 2696 717 2771 deprecantis,
738 2695 907 2770 Hyperbolo

104 2788 140 2842 ab
155 2788 391 2843 Atheniensibus
407 2786 582 2859 impositam.
600 2787 642 2840 lta
655 2786 731 2840 enim
744 2784 905 2851 existimat,

101 2886 131 2929 nt
152 2875 313 2949 Aristoph.
326 2876 357 2929 in
368 2875 476 2947 Equiti„
493 2873 592 2928 Cleoni
616 2871 808 2926 adversarium
826 2868 909 2925 linxit

94 2962 323 3033 ἁλλαντοπιὲιλην
343 2960 504 3037 quendam,
529 2961 569 3017 sic
589 2960 716 3036 Eupolin
739 2959 907 3034 Hyperbolo

96 3056 281 3128 opposuisse
295 3054 425 3121 Niciam,
439 3060 468 3107 et
480 3060 626 3124 postremo
641 3050 854 3126 Hyperbolum,
869 3050 906 3105 ab

96 3143 161 3196 hoc
175 3153 368 3217 superatum,
382 3139 474 3195 videri
490 3138 592 3212 Populi
614 3140 705 3214 gratia
726 3138 872 3194 excidisse.
892 3164 904 3187 »

99 3232 128 3283 E
142 3232 190 3286 M.
210 3230 257 3288 Ci.
271 3231 480 3304 prolegomena
494 3227 605 3283 fabulae.

501 3338 519 3395 5

146 3440 229 3495 Plut.
243 3442 278 3495 V.
300 3440 365 3496 Nic.
381 3456 445 3512 cap.
461 3444 496 3508 4,
509 3437 545 3493 de
558 3437 644 3495 Nieiae
664 3454 766 3509 magna
778 3433 906 3489 liberali-

109 3538 165 3584 tate
182 3547 191 3585 :
209 3526 299 3584 ίδίδου
313 3524 365 3603 γὰρ
380 3527 431 3603 οὐχ
442 3515 522 3595 ἧττον
536 3531 589 3589 τοῖς
600 3524 687 3588 κακῶς
698 3524 780 3579 ποιεῖν
793 3516 907 3593 δυναμί-

109 3636 160 3680 νοις
180 3614 198 3683 ἢ
217 3621 272 3678 τοῖς
286 3602 315 3671 εί
329 3612 445 3695 πάσχειν
468 3610 558 3678 ἀξίοις.
580 3610 625 3669 καί
646 3608 711 3675 ὅλως
731 3607 856 3687 πρόσοδος
875 3597 905 3678 ἦν

106 3702 119 3729 ’
131 3704 220 3759 αὐτοῦ
235 3702 289 3765 τοῖς
303 3723 331 3758 τε
346 3708 469 3779 πονηροῖς
482 3703 500 3770 ἡ
518 3698 615 3773 δειλία,
628 3696 673 3756 καί
690 3704 743 3762 τοῖς
753 3702 877 3776 χρηστοῖς
889 3698 905 3764 ἡ

103 3790 311 3870 φιλανθρωπία.
326 3789 420 3848 iudeis
442 3788 471 3846 δὲ
491 3787 553 3867 περὶ
573 3786 670 3846 τούτων
692 3783 838 3863 μαρτυρίαν
861 3782 906 3840 καὶ

102 3877 184 3957 παρὰ
199 3880 256 3937 τῶν
270 3881 398 3954 κωμυυῒνν
418 3878 484 3937 ἔστι.
501 3877 595 3934 Allato
613 3875 760 3931 Teleclidis
779 3876 906 3928 incerto-

101 3987 171 4023 rum
187 3970 354 4025 dramatum
371 3968 531 4042 fingmento
557 3985 583 4035 1,
599 3966 639 4020 sic
659 3964 753 4038 pergit
770 3981 777 4015 :
794 3963 808 4015 ὁ
823 3957 845 4015 δ’
860 3957 906 4015 ὑπ’

104 4055 260 4120 Eiectum<
283 4052 495 4133 κωμῳδούμενος
516 4052 543 4108 ir
565 4052 674 4128 Μαρικᾷ
694 4046 822 4125 παράγων
847 4044 904 4103 τινὰ

99 4144 157 4198 τῶν
173 4141 358 4222 ἀπραγμόνων
371 4140 418 4198 καί
432 4137 553 4209 πενήτων
567 4136 637 4215 λέγει

154 4287 188 4325 α.
219 4260 320 4325 Πόσον
334 4257 443 4350 χρόνου
459 4255 517 4349 γὰρ
535 4257 746 4347 συγγεγένησαι
763 4246 875 4334 Νικίᾳ,

156 4370 191 4449 β.
211 4358 294 4432 Οὐδ’
306 4361 403 4444 εἶδον,
415 4364 493 4455 εἰμὴ
510 4362 742 4451 'suppetierint'
754 4362 784 4423 ἐν
795 4359 888 4448 ἀγορᾷ
895 4410 900 4417 ..
921 4324 925 4420 ί

1678 527 1732 577 ill

1000 668 1030 707 α.
1050 638 1129 735 λνὴρ
1144 648 1290 737 ὁμολογεῖ
1302 645 1408 712 Νικίαν
1423 643 1587 738 ἑορακέναιί

1000 750 1102 817 καίτοι
1114 749 1146 817 τί
1159 752 1263 819 παθὼν
1276 747 1311 817 ἂν
1325 742 1417 837 εἶδεν,
1431 751 1455 816 εἰ
1470 757 1511 844 μὴ
1525 749 1702 844 repetition

953 850 974 923 5
1001 883 1033 949 γ.
1053 852 1214 944 liaudcuc',
1229 854 1265 950 (i
1283 855 1526 950 οὐκήκούσαπ’,)
1539 855 1736 941 ὦσυνιίλικες,

1001 968 1050 1030 ἐπ’
1068 968 1232 1056 αὐτοφώρῳ
1251 964 1360 1031 Νικίαν
1380 963 1580 1057 είλημμένον;

1004 1075 1034 1154 β.
1058 1068 1136 1161 (Τὸν
1154 1069 1308 1164 Νικίαν;)
1337 1077 1421 1163 ὑμεῖς
1439 1071 1508 1165 γὰρ,
1530 1068 1736 1163 ὧρρενοὸλα·

1654 1174 1756 1261 δεῖς,

1001 1273 1130 1348 leiim?
1146 1280 1183 1350 ἂν
1202 1274 1287 1375 ἄνδρ’
1305 1280 1427 1376 ἄριστον
1442 1289 1472 1350 ἐν
1497 1296 1581 1369 κακῷ
1599 1311 1676 1368 τινι,

953 1426 1040 1502 Apud
1059 1429 1240 1484 Plutarchum
1252 1429 1437 1486 intolerabilis
1448 1442 1490 1486 est
1500 1430 1668 1505 ambiguitas
1678 1449 1737 1486 ven

953 1516 1059 1571 borum
1081 1515 1207 1594 πρόσοδος
1224 1516 1319 1590 αὐτοῦ,
1338 1537 1391 1574 nee
1405 1518 1491 1574 dubie
1506 1519 1672 1593 ponendum
1690 1516 1738 1575 ἀπ’

954 1602 1044 1673 αὐτοῦ,
1069 1607 1107 1659 ab
1131 1607 1200 1680 illo,
1214 1605 1305 1665 Nicia.
1332 1607 1542 1679 Colloqunntur
1563 1606 1618 1660 hoc
1639 1606 1659 1660 l.
1682 1606 1737 1660 viri

954 1691 1153 1761 Athenienses,
1177 1694 1228 1768 qui
1251 1694 1282 1748 in
1302 1693 1366 1748 sero
1382 1705 1590 1762 convenerant,
1611 1702 1643 1747 nt
1665 1693 1738 1748 sole·

953 1776 1040 1848 hant3
1056 1798 1180 1853 quornm
1191 1798 1264 1835 unus
1277 1781 1467 1854 interrogatus
1477 1779 1515 1835 ab
1526 1780 1599 1848 alio,
1619 1780 1736 1853 quando

953 1865 1069 1921 vidisset
1088 1867 1214 1937 Niciam,
1242 1886 1332 1941 quum
1351 1855 1542 1941 respondisset
1564 1883 1594 1922 se
1615 1855 1737 1923 tannnn·

953 1953 1043 2010 modo
1060 1973 1154 2030 nuper
1170 1974 1236 2011 eum
1248 1955 1351 2012 vidisse
1370 1957 1401 2009 in
1419 1954 1483 2010 soro
1502 1965 1640 2022 stantem,
1655 1954 1736 2025 alter,

953 2044 1035 2115 quasi
1053 2041 1083 2097 id
1102 2041 1188 2097 fassus
1208 2043 1293 2098 etiam
1313 2029 1444 2099 conscius
1455 2043 1490 2097 sit
1506 2042 1636 2110 sceleris,
1656 2040 1737 2112 cujus

951 2130 1168 2188 insimulabatur
1194 2132 1304 2201 Nicias,
1324 2131 1462 2186 exclamat
1488 2157 1499 2178 a
1521 2131 1571 2185 Vir
1588 2129 1692 2185 fatetur
1707 2147 1737 2185 se

952 2220 1061 2275 Niciam
1074 2219 1194 2275 vidisse!
1207 2244 1219 2269 ι
1234 2219 1332 2275 Statim
1348 2230 1452 2286 tamen,
1461 2218 1511 2273 ubi
1521 2236 1676 2292 pauperem
1687 2217 1737 2272 ho·

952 2309 1035 2363 minis
1053 2307 1181 2363 habitum
1195 2306 1341 2381 adspexit,
1355 2307 1475 2362 verbum
1495 2306 1620 2380 elapsum
1639 2323 1736 2378 repre·

951 2395 1078 2452 bendens
1089 2395 1170 2452 addit
1185 2420 1197 2445 ι
1213 2395 1383 2469 Quanquam
1397 2413 1449 2451 cur
1462 2412 1528 2449 eum
1546 2394 1736 2463 convenisset,

952 2484 1011 2556 nisi
1019 2486 1099 2558 prius
1111 2502 1128 2540 a
1138 2484 1219 2540 Nicia
1231 2484 1368 2554 donatus,
1380 2484 1526 2539 utiterum
1536 2482 1639 2556 stipem
1650 2481 1686 2536 ab
1701 2500 1736 2537 eo

953 2571 1161 2630 emendicaret?
1174 2595 1186 2621 ν
1201 2573 1246 2629 sic
1257 2573 1332 2627 enim
1341 2570 1539 2646 accipiendum
1548 2587 1606 2625 esse
1617 2570 1704 2625 verba
1714 2569 1737 2627 si

953 2655 991 2732 μὴ
1008 2655 1162 2736 προύδίδου,
1177 2661 1263 2715 sensit
1276 2659 1412 2735 Berghius
1425 2658 1598 2717 Commentt.
1617 2677 1647 2733 p.
1666 2656 1734 2716 356.

952 2749 1065 2804 lnterea
1081 2749 1179 2802 tertius
1200 2747 1303 2820 aliquis
1319 2765 1470 2802 accurrens
1481 2746 1591 2800 Niciam
1606 2763 1736 2818 compre-

952 2835 1071 2891 hensum
1085 2835 1157 2891 etin
1170 2830 1299 2911 flagranti
1311 2835 1428 2890 crimine
1437 2831 1643 2906 deprehensum
1656 2852 1736 2887 nun-

954 2925 1004 2982 tiat
1030 2925 1072 3000 (v.
1089 2924 1180 2981 Thue.
1209 2943 1237 2994 7,
1255 2920 1390 3000 39-41]
1408 2939 1414 2979 :
1443 2940 1516 2997 quos
1538 2919 1642 2977 refluat
1662 2938 1736 2994 pau-

952 3031 1022 3087 per,
1047 3023 1181 3087 tanquam
1204 3012 1392 3079 insanientes,
1423 3011 1473 3082 qni
1500 3028 1560 3064 non
1587 3021 1738 3064 vereantur

954 3101 1064 3174 optimo
1079 3101 1134 3155 ciri
1146 3100 1260 3172 culpam
1269 3099 1435 3154 attribuere.
1446 3097 1532 3169 Quod
1542 3098 1641 3152 attinet
1650 3097 1736 3171 vulgo

953 3188 1040 3262 edita,
1054 3205 1138 3242 versu
1148 3187 1164 3241 3
1173 3185 1239 3241 libri
1248 3181 1325 3260 Ἀνὴρ
1336 3196 1364 3239 et
1377 3184 1440 3259 ἑωρ.
1455 3203 1462 3240 :
1477 3183 1601 3237 correxit
1610 3183 1732 3241 Runlxel.

953 3279 985 3331 V.
994 3283 1010 3342 4
1019 3274 1174 3330 eorundem
1187 3274 1298 3346 aliquot
1307 3271 1416 3328 solenni
1426 3272 1562 3325 varietate
1573 3266 1674 3343 μαθὼν,
1682 3271 1736 3324 for·

953 3374 1025 3418 tasse
1037 3364 1151 3417 rectius.
1167 3362 1270 3416 Versus
1283 3357 1362 3428 5et7
1375 3358 1563 3433 probabiliter
1573 3358 1695 3432 explevi,
1707 3360 1736 3413 in

952 3451 1073 3524 quihus,
1092 3460 1125 3505 ut
1148 3448 1227 3523 apud
1245 3447 1440 3516 Plutarchum,
1461 3446 1576 3514 similia,
1600 3446 1737 3500 similibus

952 3538 1046 3595 fraudi
1060 3537 1173 3593 fuerint.
1188 3536 1292 3592 Uneini
1315 3534 1515 3590 additamentis
1528 3534 1644 3588 immissi
1662 3545 1736 3589 sunt.

952 3623 1093 3694 Συνήλυιες
1105 3643 1140 3681 ex
1152 3623 1293 3698 Eupolide
1314 3623 1396 3679 alieri
1420 3622 1522 3679 Pollux
1536 3621 1572 3689 6,
1591 3619 1656 3695 159.
1669 3622 1735 3680 vid.

953 3714 1020 3774 tot.
1035 3713 1068 3771 ir.
1082 3713 1129 3771 26.

1330 3825 1347 3879 6

990 3940 1087 3997 Schol.
1103 3939 1248 4012 Aristoph.
1265 3941 1318 3994 Av.
1340 3935 1414 3991 1556
1431 3953 1438 3992 :
1454 3931 1499 3990 δύο
1512 3932 1539 3989 δέ
1550 3934 1601 3989 εἰσι
1616 3930 1734 3990 lisinas-

949 4026 1023 4105 δραι,
1038 4025 1157 4113 καθάπερ
1171 4024 1205 4083 Ε.
1221 4024 1247 4080 ἐν
1264 4023 1304 4081 Μ.
1319 4044 1398 4099 φησιν

999 4168 1031 4209 α.
1052 4130 1147 4205 rixans
1162 4149 1222 4222 νῦν,
1239 4129 1424 4227 Πείσανδρος
1446 4141 1486 4209 ὡς
1504 4133 1685 4199 ἀπόλλυται.

1001 4251 1030 4329 β.
1051 4241 1078 4309 ί)
1098 4239 1258 4335 στρείλός,
1283 4269 1313 4310 α.
1335 4242 1410 4319 Oia,
1432 4241 1503 4304 ἀλλ’
1523 4239 1664 4328 (ν’μέγας,
1683 4241 1734 4300 uir-

1578 4337 1734 4416 νοκίνδιος.

118 4477 1729 4515 .-....-...-.------——-——-——----·-

497 4548 525 4596 3.

112 4630 254 4704 liultaque
262 4631 405 4703 comperio
415 4631 445 4685 in
459 4626 605 4684 tonstrinis
616 4625 731 4680 libenter

110 4719 221 4787 adeas,
231 4738 288 4777 non
297 4728 453 4792 suspectus,
464 4725 537 4773 etne
545 4713 694 4783 intelligere
701 4709 812 4783 quidem
821 4708 902 4763 visus.

498 4809 515 4855 4
687 4802 690 4811 ι

107 4890 208 4965 tuque
227 4864 343 4965 egotibi
365 4891 461 4955 edico,
484 4889 660 4944 ilarimntem
675 4898 731 4939 non
746 4897 805 4937 esse
825 4877 904 5020 qusti-

756 4970 823 5036 [gan
846 4980 903 5020 uin.

495 5067 522 5114 5.

140 5169 157 5209 a
183 5152 382 5223 Quamdudum
396 5152 475 5209 enim
491 5148 599 5205 Niciam
612 5143 780 5201 convenisti?

142 5244 172 5297 b.
191 5246 231 5299 Ne
239 5242 292 5297 vidi
300 5241 410 5315 quidem
420 5254 501 5302 eum,
514 5235 568 5291 nisi
578 5248 675 5306 nuper,
686 5246 771 5304 quum
783 5237 867 5286 staret
877 5230 904 5284 in

144 5346 171 5384 a.
190 5330 237 5386 Vir
248 5328 387 5386 fateturse
400 5327 504 5383 vidisse
521 5324 638 5380 Niciam.
817 5318 901 5385 [loro.

220 5436 359 5472 mfilfflh
378 5432 527 5471 tbntcontttt
542 5430 684 5465 censensu.

924 4546 930 4575 ν
987 4533 1163 4601 Quanquam,
1177 4543 1227 4582 cnr
1242 4526 1270 4579 in
1286 4529 1463 4593 conspectum
1476 4520 1535 4591 ejus
1547 4520 1664 4585 venerit,
1681 4520 1735 4575 nisi
1774 4594 1779 4601 .

1508 4611 1587 4675 [ante
1600 4606 1735 4664 donatus?

987 4726 1010 4763 e.
1027 4704 1182 4770 audivistis,
1199 4707 1247 4769 (an
1262 4715 1318 4755 non
1331 4695 1483 4758 audivistis,
1494 4701 1503 4760 )
1515 4693 1637 4762 sodales,

987 4794 1092 4850 Niciam
1104 4793 1132 4847 in
1143 4788 1268 4861 flagranti
1281 4787 1395 4843 erimine
1408 4782 1609 4856 deprehensum
1625 4785 1700 4838 esse?

987 4883 1012 4936 b.
1031 4879 1222 4946 (Niciamneil
1236 4890 1283 4930 rus
1297 4874 1382 4945 igitur
1395 4869 1540 4927 delirantes

988 4970 1075 5025 virum
1089 4966 1238 5038 optimum,
1254 4962 1328 5019 velut
1349 4958 1452 5030 flagitio
1469 4956 1561 5028 aliquo
1578 4956 1729 5029 pollutum,

1466 5041 1735 5114 [depreirenderitist
1798 5056 1803 5061 ·

1328 5139 1354 5189 6.

950 5247 975 5286 a.
991 5228 1063 5286 Audi
1077 5241 1169 5293 nunc,
1180 5221 1319 5298 quomodo
1327 5218 1460 5277 Pisander
1472 5216 1589 5290 perierit.

951 5316 977 5371 b.
999 5320 1042 5371 nn
1054 5313 1165 5370 strabo?
1176 5328 1201 5368 a.
1218 5314 1294 5378 Non,
1310 5308 1356 5366 sed
1373 5321 1502 5378 magnus,
1515 5301 1654 5360 asinarius.

1382 5398 1386 5406 '
1606 5401 1627 5437 tr
