3917 5950
798 481 989 544 DlPlllLUS.

75 617 169 683 Virsu
187 643 196 679 ι
214 623 312 698 scripsi
331 617 425 687 δοίνην.
438 620 518 677 Libri
530 617 625 676 τοίνυν.
642 617 764 674 Meinck.
780 616 867 692 suspi-

76 714 202 770 cabatur
212 709 302 780 τύλην.
314 708 425 764 Deinde
438 703 529 775 κλίνην
544 706 733 763 flemsterlrus.
749 723 805 779 pro
823 698 867 759 καλ

74 802 136 857 νῦν.
149 801 183 857 V.
199 818 216 854 a
231 794 333 871 σίγυνοι
343 813 399 870 pro
411 791 487 851 συνδν
497 795 585 850 Bentl
599 794 688 868 Epist.
706 792 743 848 ad
757 793 865 846 llemst.

75 907 110 962 p.
132 906 181 963 9²·
196 887 342 943 Honorius
366 882 491 940 malebat
514 879 637 955 λάγυνον.
659 883 693 940 V.
718 881 734 937 3
756 875 820 936 ὥστ’
837 877 867 935 οὐ

77 978 201 1033 Porsen.
213 975 332 1034 Advers.
342 991 373 1048 p.
386 970 444 1029 252
452 991 461 1046 3
470 967 600 1046 vulgo&
611 990 672 1029 που.
684 967 869 1025 ibidemlibri

77 1061 216 1122 ἀλλὰκαὶ
239 1083 267 1121 κ.
287 1063 333 1119 Sic
355 1061 440 1117 etiam
459 1060 550 1115 Thur.
568 1057 597 1128 5,
615 1076 666 1127 ss,
685 1053 732 1131 piu
751 1053 867 1128 scalpro

79 1150 131 1226 μίν
147 1150 198 1220 δὴ,
211 1160 266 1207 etc.

281 1257 400 1319 XXXll.
424 1255 669 1317 stultufflolt.

125 1392 308 1465 Athen.s,p.
320 1397 387 1460 rat,
401 1392 427 1446 D
437 1386 482 1465 (et
495 1388 572 1447 Eust.
582 1386 698 1464 adllp.
711 1386 781 1459 866,
794 1387 846 1461 αδ)
860 1405 868 1442 ι

79 1475 124 1537 ὅτι
136 1475 164 1536 δί
175 1475 220 1535 καί
233 1475 278 1533 sir
293 1466 362 1534 οἶνον
377 1474 473 1555 ἔψυχον
488 1473 553 1552 ὖπίρ
567 1479 612 1533 τοῦ
623 1471 781 1555 ψυχρότερον
793 1473 870 1532 αὐτὸν

81 1565 179 1638 ια’ντιν,
196 1563 323 1643 Στράττις
332 1562 472 1643 φησίν....,
487 1567 519 1623 ὰ
532 1564 554 1621 δ’
565 1564 592 1620 ἐν
604 1560 755 1641 Μνηματίῳ
767 1560 830 1640 φησὶ
850 1591 854 1597 -

136 1662 228 1745 *iiior
241 1663 292 1730 τὸν
310 1656 407 1748 οἶνον,
423 1655 518 1754 Δῶριί

266 1803 405 1865 XXXlll.
427 1803 693 1864 ΠΑΙΔΕΡΑΣΤΔΙ.

128 1936 232 1993 Athen.
257 1954 300 2006 10,
320 1955 352 2011 p.
374 1934 444 2005 423,
468 1937 508 2004 E,
527 1935 564 1991 de
586 1935 713 1993 dictione
733 1933 873 2013 ζωρότερον

89 2021 172 2082 αίνιιν
185 2041 271 2100 agens
284 2041 293 2081 t
305 2025 336 2082 Δ.
352 2023 374 2080 δ’
385 2025 411 2081 ἐν
425 2022 618 2101 Παιδερασταῖς
629 2044 706 2101 φησιν

184 2175 235 2185 -
248 2124 362 2227 Εγχεον
378 2137 413 2203 σὺ
427 2125 466 2210 δὴ
480 2127 578 2200 nativ!

140 2236 331 2334 εὐζωρότερόν
345 2267 380 2333 γε
392 2244 427 2313 νὴ
443 2238 505 2323 Δί’,
527 2237 551 2303 ὦ
573 2247 650 2321 παῖ,
665 2233 731 2317 δός·
743 2243 777 2309 τὸ
793 2241 851 2332 γὰρ

138 2341 245 2440 ὑδαρὲς
259 2348 339 2412 ἅπαν
352 2342 432 2413 τοῦτ’
444 2346 510 2412 ἐστὶ
520 2355 560 2436 τῇ
576 2343 657 2438 ψυχῇ
669 2347 770 2411 κακόν.

307 2491 439 2551 XXXiV·
463 2491 657 2551 ΠΑΛΛΑΚΗ.

133 2621 226 2693 Etym.
242 2619 283 2675 M.
296 2636 328 2692 p.
352 2618 424 2684 206.
443 2618 488 2686 ιδ,
504 2614 651 2677 uotum
663 2635 677 2694 ¹t
694 2614 790 2690 κόσμος
807 2639 878 2695 χρυ-

92 2710 153 2772 coit
167 2702 358 2783 πιριτιδίμινος
371 2706 410 2783 τῷ
421 2706 526 2782 καρπῷ.
542 2709 573 2764 Δ.
588 2705 614 2761 lt
632 2704 784 2782 Παλλακῇ,

141 2816 315 2906 Βουὸοίλια,
332 2831 452 2913 καρπῶν
466 2821 606 2912 παρθένου
623 2827 792 2913 φορήματα.

92 2948 200 3007 vitiose
213 2948 281 3003 libri
294 2942 448 3026 φρονήματα
463 2964 470 3006 :
485 2948 610 3004 correxit
621 2948 754 3023 Sylburg.
765 2950 807 3005 De
819 2950 880 3026 βου·

92 3035 180 3117 δολίῳ
193 3038 233 3094 ef.
246 3038 396 3094 Nicostrat.
414 3039 517 3094 moen.
533 3056 562 3107 7.
572 3036 696 3110 Hesych.
710 3056 725 3092 a
740 3038 881 3094 lleinekio

92 3126 268 3193 emendatus,
281 3121 425 3183 Πονὸιίλιον
439 3144 445 3178 t
458 3122 578 3201 γυναικὸς
586 3123 739 3203 κοσμάριον.
750 3125 882 3183 absurde

93 3216 172 3271 mim
182 3213 330 3288 legebatur
342 3208 463 3288 γυναικὸς
478 3209 580 3290 μόριον.

304 3337 422 3397 XXXV.
449 3337 678 3397 ΠλΡλΣΙΤΟΣ.

481 3453 505 3490 ι.

136 3545 242 3604 Athen.
261 3563 304 3612 10,
320 3563 349 3619 p.
367 3552 442 3617 lna,
457 3546 491 3617 B,
504 3545 539 3601 de
554 3548 659 3603 ventris
678 3547 706 3602 vi
724 3546 882 3603 disserens:

101 3634 135 3692 Δ.
149 3629 173 3689 δ’
186 3632 214 3690 fs
230 3628 389 3709 Παρασίτῳ,

173 3743 215 3812 Εὖ
229 3740 258 3838 γ’
274 3750 290 3811 δ
304 3744 492 3838 κατάχρυσος
507 3740 572 3811 εἶπε
585 3746 676 3812 πόλλ’
694 3741 871 3839 Εὐριπίδης,

176 3879 193 3912 α
211 3854 290 3935 Νικᾷ
304 3844 339 3917 δὲ
352 3849 440 3941 χρεία
455 3844 503 3940 μ’,
519 3855 538 3922 ἡ
553 3848 741 3943 ταλαίπωρός
757 3856 792 3918 τί
807 3878 864 3943 μου

175 3959 305 4049 γαστήρ.
327 3980 344 4015 ν
361 3956 631 4047 Ταλαιπωρίτιρον
645 3951 729 4023 οὐδέν
744 3961 810 4024 ἐστι
831 3957 888 4052 γὰρ

177 4072 231 4138 τῆς
245 4062 394 4154 γαστρὸς,
409 4056 426 4090 ⁴¹
435 4061 475 4138 εἰς
489 4061 526 4134 ἢν
535 4073 651 4154 πρῶτον
666 4057 829 4153 ἐμὸαλεῖς,

271 4246 427 4301 PARVUM
446 4246 723 4302 ΜΟΝΠΜΕΝΠΠΙ.

101 4332 216 4404 Frigora
230 4330 434 4397 vinum‚1)ori!

380 4418 616 4489 PAEDERASTAE.

139 4532 176 4544 -
192 4499 310 4558 infunde
324 4508 353 4557 tu
368 4503 589 4574 sanepoeulunr!

104 4588 245 4645 meracius
259 4585 369 4659 quidem
383 4591 536 4660 perlatam
547 4630 555 4657 ‚
566 4588 619 4657 da,
635 4606 716 4662 puer:
729 4606 792 4647 narn

103 4690 242 4747 aquosum
256 4688 339 4730 omne
351 4672 404 4730 hoc
416 4674 510 4732 aniuao
525 4675 671 4732 malefacit.

427 4764 579 4819 Peutnx.

100 4845 240 4915 Bubalia,
251 4862 393 4918 carporum
407 4847 518 4920 virginis
530 4850 691 4919 gestamina.

396 4935 605 4992 PARtSlTUS.

493 5028 505 5077 i

161 5109 236 5164 Bene
248 5121 349 5164 aureus
362 5105 430 5162 dixit
446 5107 531 5164 multa
547 5110 686 5182 Euripides
696 5114 723 5164 ef
736 5108 790 5164 noc

165 5217 177 5241 ι
193 5192 287 5248 Vincit
298 5200 389 5247 autern
405 5193 497 5264 inopia
512 5209 572 5259 nra,
586 5202 612 5249 et
625 5192 715 5249 infelix
732 5209 808 5249 nicus

164 5286 268 5335 reutcr.
285 5300 298 5326 ν
315 5276 453 5335 infelicius
464 5279 537 5334 enirn

217 5385 364 5422 ΜΒΙΕΙΤΔ
377 5386 515 5422 wlfwini!
530 5386 570 5422 tn.

1643 492 1695 541 fill

940 614 959 684 5
987 611 1056 681 ἀλλ’
1071 619 1127 704 οὐχ
1143 616 1239 707 ἕτερον
1254 615 1385 707 ἀγγεῖον.
1407 609 1446 680 Eu
1460 621 1540 706 πήρα
1555 618 1652 708 φέροις

987 718 1094 812 ἄρτους
1113 714 1159 803 διν,
1174 714 1246 786 ἀλλ’
1257 721 1290 785 οὐ
1302 715 1422 811 ζωμὸν,
1438 718 1456 793 ἢ
1474 714 1668 814 διαφθερεῖς·’

989 826 1029 905 εἰς
1039 817 1168 920 σπυρίδα
1183 820 1281 918 μάζας
1289 821 1450 919 ἐμὸαλεῖς,
1461 822 1532 893 ἀλλ’
1544 831 1577 892 οὐ
1587 837 1698 919 φακῆν,

987 932 1113 1027 οἰνάριον
1132 930 1172 1009 εἰς
1184 931 1323 1025 λάγυνον,
1338 927 1410 997 ἀλλ’
1426 935 1460 997 οὐ
1472 926 1614 1023 stipatim·

988 1039 1029 1116 εἰς
1042 1045 1097 1113 τήν
1111 1039 1187 1114 θεοῖς
1202 1036 1308 1129 ἐχθρὰν
1322 1030 1358 1103 δὲ
1378 1039 1493 1110 ταύτην
1510 1036 1653 1127 εἰσφοραῖς

920 1167 962 1213 10
988 1144 1028 1211 τὰ
1043 1144 1131 1212 πάνθ’
1145 1151 1262 1221 ἑαυτοῖς
1278 1135 1373 1235 μηδὲν
1386 1144 1620 1237 ὁμολογούμενα·

989 1256 1041 1319 κού
1053 1251 1232 1343 προστίθημι
1245 1247 1366 1334 τᾶλλα,
1378 1241 1460 1317 διότι
1472 1262 1630 1340 πανταχοῦ

923 1447 927 1460 .
954 1407 956 1410 .
989 1351 1043 1424 διὰ
1056 1360 1110 1432 τήν
1124 1356 1270 1423 τάλαιναν
1284 1357 1386 1423 πάντα
1402 1358 1501 1448 ταύτῃ
1519 1355 1668 1449 γίγνεται.

920 1489 1039 1561 «Ipsius
1057 1487 1170 1561 parasiti
1185 1485 1282 1542 rerba.
1307 1487 1426 1542 Versum
1451 1501 1463 1538 ε
1486 1484 1601 1559 respicit
1625 1486 1702 1539 llust.

917 1601 948 1659 p.
969 1582 1057 1650 1205,
1071 1600 1119 1640 ao.
1133 1584 1221 1638 Versu
1239 1599 1256 1636 a
1270 1579 1417 1655 Euripidis
1430 1578 1594 1655 fragmentis
1604 1581 1703 1635 incert.

922 1668 977 1745 159
998 1670 1096 1728 Maru.
1113 1670 1216 1745 legitur
1235 1671 1252 1737 ἡ
1269 1668 1380 1732 κακῶς
1396 1668 1420 1723 τ’
1440 1664 1625 1741 ὀλουμίνη.
1648 1667 1705 1722 lta·

919 1777 974 1833 que
988 1770 1039 1815 sut
1050 1760 1216 1816 memoriter
1224 1757 1322 1813 citarit
1336 1756 1443 1831 triph„
1461 1766 1510 1812 aut
1523 1755 1607 1812 aliam
1619 1772 1705 1830 quam

918 1846 1064 1920 Clemens,
1084 1846 1134 1920 qui
1157 1846 1259 1920 fragm.
1284 1843 1355 1900 illud
1377 1845 1519 1920 serravit,
1535 1844 1705 1919 scripturam

919 1944 1030 1991 secutos
1042 1944 1091 2021 ast.
1107 1933 1205 1990 Altero
1220 1931 1261 1988 ibi
1275 1949 1359 1987 versu
1370 1931 1469 2006 Eurip.
1487 1951 1492 1984 :

959 2039 1079 2122 γαστὴρ,
1093 2031 1179 2121 ἆρ’ἥς
1202 2038 1234 2111 δὴ
1248 2039 1335 2098 πάντα
1346 2037 1463 2118 γίγνεται
1474 2038 1555 2102 κακοί.

921 2155 1057 2212 Similiter
1070 2153 1165 2211 Alexis
1181 2151 1257 2211 :Nn
1272 2147 1299 2209 δλ
1313 2148 1356 2208 διδ
1369 2147 1466 2221 ταύτην
1479 2148 1583 2207 ἅπαντα
1592 2149 1708 2226 γίγνιται

921 2239 955 2301 τὰ
971 2242 1103 2320 δυσχερῆ,
1116 2241 1175 2298 scil.
1187 2237 1236 2310 τὴν
1243 2235 1368 2317 γαστίρα.
1384 2263 1396 2287 ν
1413 2239 1447 2296 Ε.
1461 2240 1505 2297 Μ.
1516 2240 1603 2295 Versu
1617 2245 1633 2305 4
1649 2251 1677 2295 et
1691 2238 1707 2293 5

922 2332 960 2386 sic
970 2331 1039 2386 libri
1047 2330 1159 2404 optimi.
1170 2328 1240 2386 ABP
1246 2327 1318 2387 cod.
1331 2329 1417 2402 Cpro
1427 2327 1529 2405 πρῶτον
1539 2324 1709 2383 habetnivr’

922 2414 966 2486 δν,
982 2429 1135 2491 utrumque
1147 2418 1197 2474 VL
1209 2418 1244 2480 είς
1261 2413 1291 2484 lu
1304 2415 1408 2490 πρῶτον
1426 2410 1505 2469 πάντ’
1523 2410 1555 2470 δν
1570 2410 1706 2487 ἔμὸάλοις.

923 2505 1046 2562 Meinelr.
1070 2504 1101 2559 in
1122 2501 1178 2560 fine
1192 2521 1289 2559 versus
1308 2498 1378 2559 ἅπαν
1404 2501 1539 2557 excidisse
1559 2511 1660 2576 putat,
1682 2513 1711 2557 et

923 2593 1027 2668 πρῶτον
1049 2601 1139 2647 mutat
1162 2593 1191 2646 in
1216 2586 1329 2667 βρωτόν.
1357 2588 1466 2662 Quibus
1494 2606 1560 2645 usus
1589 2589 1648 2644 haec
1673 2590 1711 2645 ita

924 2679 1040 2736 scribo:

974 2802 1030 2871 τῆς
1043 2792 1189 2886 γαστρὸς,
1209 2789 1280 2857 εἰσίν
1297 2788 1412 2882 βρωτὸν
1422 2787 1503 2854 ἅπαν
1518 2772 1550 2880 γ’
1564 2784 1599 2853 ἃν
1618 2782 1713 2878 ίμὸσί-

975 2892 1079 2963 ἄλλων
1092 2899 1191 2988 ἕτερον
1208 2890 1243 2959 ἃν
1257 2900 1355 2988 γυῖον,
1605 2897 1608 2904 “
1644 2898 1706 2963 λαις

928 3025 964 3081 ad
982 3025 1130 3099 superiora
1143 3021 1215 3080 ὠδίν
1230 3023 1285 3079 lon
1300 3018 1411 3098 γαστρδς
1428 3019 1655 3099 ταλαιπωρότερον
1669 3040 1713 3077 re·

929 3111 1087 3171 ferendum.
1112 3112 1179 3166 Haec
1198 3111 1323 3184 expressi
1337 3111 1367 3164 in
1381 3109 1481 3164 latinis.
1502 3110 1569 3181 V.9
1589 3105 1715 3185 εἰσφοριῖς

928 3200 1045 3257 Grotius
1064 3216 1120 3273 pro
1136 3195 1258 3275 ιλσφόριι.
1271 3199 1305 3254 V.
1325 3215 1360 3254 ιο
1371 3191 1405 3252 τί
1423 3195 1468 3272 (h.
1482 3214 1508 3253 e.
1525 3193 1622 3270 ταῦτα)
1637 3195 1717 3251 abest

929 3307 944 3343 a
959 3287 1060 3360 codd„
1072 3287 1122 3360 qui
1134 3282 1232 3343 πάντα.
1247 3284 1342 3358 Quare
1353 3284 1476 3343 Meinek.
1489 3283 1612 3339 malebat
1625 3283 1717 3362 clepo-

931 3376 984 3451 ριῑν
1001 3374 1007 3450 Ι
1025 3370 1102 3430 πάντ’
1123 3370 1176 3429 lat‘
1196 3372 1296 3435 lausei<
1315 3382 1370 3428 ete.
1390 3374 1423 3430 V.
1444 3389 1479 3427 ta
1498 3370 1587 3445 vulgo
1606 3367 1716 3445 ταύτην,

929 3482 985 3539 pro
997 3458 1101 3533 ταύτην,
1114 3461 1194 3536 quod
1206 3460 1361 3537 posuimus.
1375 3457 1447 3518 PVL
1460 3461 1554 3517 ταῦτα.

971 3671 1075 3728 Athen.
1097 3668 1126 3740 6,
1148 3689 1178 3745 p.
1200 3668 1276 3738 236,
1291 3671 1334 3727 B:
1349 3666 1394 3725 καί
1408 3665 1477 3724 ἄλλα
1494 3665 1522 3725 ii
1535 3671 1645 3725 τοιαῦτα
1658 3668 1718 3724 ἐπι-

932 3756 1003 3833 λίγιι
1013 3760 1028 3815 δ
1040 3759 1086 3814 τοῦ
1100 3754 1269 3834 Ἐπιχάρμου
1283 3752 1435 3833 παράσιτος.
1454 3756 1469 3812 δ
1483 3752 1511 3813 li
1525 3751 1598 3832 ιιαρδι
1617 3753 1719 3832 Διφίλῳ

909 3884 912 3917 γ
933 3843 994 3903 τάδε
1007 3842 1094 3924 φησὶν,

983 3951 1067 4026 ὅταν
1082 3984 1120 4051 με
1135 3961 1248 4051 καλέσῃ
1264 3960 1405 4034 πλούσιος
1420 3950 1541 4024 δεῖπνον
1556 3966 1663 4041 ποιῶν,

986 4068 1019 4130 σὺ
1025 4071 1163 4130 κατανοῶ
1169 4062 1210 4129 τοί
1218 4061 1435 4156 (ττ)τρίγλυφ’,
1447 4062 1516 4127 οὔτε
1526 4061 1581 4137 τὰς
1595 4063 1718 4153 στέγας,

990 4254 1100 4311 renue,
1111 4246 1134 4302 si
1146 4253 1176 4302 tu
1186 4243 1302 4317 quodvis
1313 4242 1393 4300 edule
1407 4243 1436 4299 in
1450 4257 1513 4299 enm
1527 4242 1632 4314 injicis,

937 4340 954 4389 5
992 4334 1106 4390 aliorum
1121 4332 1230 4405 quidem
1244 4330 1352 4388 nullum
1370 4338 1412 4387 est
1426 4330 1582 4387 membrum
1596 4347 1603 4383 z
1617 4330 1645 4385 in
1660 4345 1722 4401 pera

1559 4415 1723 4488 [portaveris

992 4520 1092 4577 panas,
1105 4522 1160 4562 non
1174 4502 1431 4576 autenrjusculum‚
1446 4510 1493 4559 aut
1503 4517 1674 4573 corrumpam

993 4593 1020 4646 in
1033 4591 1182 4664 sportulam
1196 4605 1285 4647 masas
1296 4588 1415 4663 injicies,
1429 4604 1486 4644 uon
1505 4589 1623 4651 lenterm

994 4677 1087 4734 villum
1101 4679 1131 4733 in
1144 4677 1269 4749 lagenam
1279 4716 1287 4742 ‚
1297 4691 1354 4732 non
1363 4675 1491 4732 carabum
1508 4693 1515 4727 :

996 4765 1024 4819 in
1039 4764 1111 4819 lrunc
1121 4779 1184 4820 vero
1195 4762 1248 4820 diis
1257 4763 1374 4819 uriam
1387 4762 1479 4818 omnia

943 4855 975 4905 to
994 4850 1045 4904 ista
1059 4847 1132 4905 haud
1145 4849 1323 4921 congruentia
1335 4847 1452 4919 ingeris3

995 4952 1085 5008 neque
1101 4932 1172 4992 addo
1186 4943 1289 5002 cetera,
1303 4950 1388 5007 quum
1397 4935 1500 5007 ubique

996 5030 1108 5096 propter
1125 5021 1279 5094 improbum
1293 5022 1385 5078 omnia
1398 5021 1493 5077 eadem
1508 5020 1584 5075 flant.

1321 5113 1348 5163 2.

978 5194 1006 5251 Si
1022 5195 1095 5251 dives
1103 5209 1210 5252 omnam
1223 5209 1355 5267 apparens
1369 5210 1412 5251 me
1428 5194 1569 5259 invitavit,

979 5295 1067 5353 neque
1076 5280 1205 5353 adspecto
1218 5279 1371 5352 triglypha,
1383 5295 1472 5352 neque
1483 5287 1568 5341 tecta.

1570 5379 1593 5418 ιι
