3917 5950
293 479 350 528 m
806 472 942 535 nauum
964 477 1173 545 coumuiu
1194 484 1401 563 uectoria.

341 642 389 654 --
411 604 612 687 Μεταλλάξαι
627 599 756 699 διάρσρα
778 612 923 703 βρώματα

341 710 402 774 ἔσθ’
417 701 475 782 ἡδὺ
484 759 494 795 ,
510 711 562 775 καὶ
578 722 623 798 τῷ
637 712 788 791 πολλάκις
805 715 1008 807 θρυλουμένων

341 813 406 879 ὄντι
422 805 442 879 δ
446 817 581 905 ιαμάστῳ
598 817 634 884 τὸ
651 818 891 914 παραγεύσασθαί
903 846 985 898 τινος

1499 626 1542 682 ι6.

1170 731 1249 788 idem
1267 751 1291 803 ι,
1305 752 1335 807 p.
1351 734 1402 806 αδ,
1421 737 1448 791 D
1472 756 1478 789 :
1499 735 1636 794 ἒπαινεῖται
1652 737 1722 805 ium<
1740 746 1752 802 ὁ
1768 743 1845 817 'Aeni

1128 813 1251 894 κέραμος.
1269 817 1400 887 Εὔύουλσς
1415 820 1443 878 δέ
1456 843 1520 901 φησι

340 930 442 985 καινοῦ
458 922 589 1013 παρέσχε
608 915 777 991 διπλασίαν
792 930 847 1002 τὴν
864 922 990 1001 cidariu.
1166 977 1207 988 -
1221 943 1314 1004 Κνίδια
1331 945 1462 1024 κιρόμια,

292 1052 379 1104 Versu
400 1068 411 1104 t
436 1051 477 1105 sic
495 1050 628 1122 casaub..
651 1054 733 1110 initio
754 1052 920 1119 addens'l'd
937 1052 999 1133 γάρ.
1013 1059 1047 1114 V.
1064 1074 1081 1112 a
1167 1031 1295 1091 Σωθαθ
1307 1032 1437 1112 imma
1450 1034 1525 1113 (mil
1542 1035 1793 1114 Μθῖθθαθπῑθάόθῑ·

293 1136 358 1190 libri
370 1139 463 1192 minus
474 1138 546 1193 bene
563 1140 627 1209 τῶν,
640 1152 669 1196 et
678 1160 708 1200 ν.
721 1140 737 1196 δ
748 1140 887 1216 διάμεστον
900 1142 978 1214 ὄντα,
993 1162 1082 1221 quum
1126 1159 1195 1221 ’μη
1213 1158 1241 1219 δὲ

295 1241 367 1296 opus
392 1226 429 1279 sit
455 1223 568 1296 dativo,
593 1226 743 1285 referendo
769 1229 806 1286 ad
834 1227 965 1309 παρίσχι.
990 1233 1083 1289 lidem

292 1329 321 1365 v.
346 1317 362 1376 i
383 1314 487 1369 καινοῦ·
510 1312 653 1373 διπλασίαν
674 1313 794 1395 παρόσχε
813 1314 862 1386 τὴν
887 1319 932 1388 ἥδ.
952 1321 1083 1378 Correxit

296 1400 452 1475 Schweigh.

1175 1276 1237 1345 Καὶ
1255 1282 1333 1346 νᾶπυ
1345 1280 1489 1374 Κύπριον,
1503 1280 1555 1348 καὶ
1572 1282 1810 1376 suspectissimi,

1174 1385 1226 1450 καὶ
1245 1377 1403 1479 κάρδαμον
1420 1391 1586 1475 Μιλησιον,
1602 1390 1650 1455 καὶ
1664 1391 1789 1483 κρόμμυον

669 1498 714 1555 15.
1175 1491 1390 1584 Σαμοθρᾴκιον,
1410 1493 1461 1559 καὶ
1477 1496 1589 1561 καυλὸν
1604 1498 1636 1561 ἐκ
1649 1489 1825 1589 Καρχηδόνος,

333 1590 413 1645 Idem
430 1609 477 1659 11,
492 1611 523 1665 p.
542 1591 594 1661 781
606 1633 614 1660 ‚
626 1594 652 1648 D
668 1613 676 1648 ι
692 1590 843 1673 Μένανδρος
854 1595 883 1655 δι’
893 1596 943 1656 ποό
955 1619 1020 1677 φησι
1037 1598 1082 1658 καλ
1173 1597 1226 1663 καὶ
1239 1595 1369 1690 σίλφιον,
1393 1599 1484 1690 θύμον
1501 1627 1534 1667 τε
1545 1609 1604 1667 τῶν
1615 1595 1765 1692 Ῠμηττίυν,

293 1674 418 1755 ποτήριον
431 1675 566 1756 τορνευτδν
579 1677 624 1737 καὶ
635 1679 754 1760 τορευτά.
763 1680 832 1743 ’Am
1127 1695 1147 1769 5
1174 1701 1308 1798 ὀρίγανον
1323 1696 1476 1772 Τενέδῳ,

339 1783 437 1859 Ailou
459 1785 494 1860 di
510 1794 562 1863 καὶ
575 1787 614 1870 δὴ
637 1797 766 1891 βακχίου
783 1805 983 1894 παλαιγενοῦς
1518 1801 1524 1811 ’

340 1900 499 1966 άπιόσκιον
514 1901 564 1967 καὶ
585 1905 829 1995 χρυσοκόλλητον
845 1897 941 1984 δέπας

341 2006 464 2095 μεστὸν,
483 2009 586 2093 κύκλῳ
597 2018 738 2101 χορεῦον,
754 2011 876 2081 ἕλκουσι
892 2012 1013 2105 γνάθοις

1127 1848 1210 1919 Her,
1231 1849 1409 1924 negligenter
1426 1852 1532 1927 scripta
1549 1849 1626 1925 apnd
1646 1850 1746 1922 Athen,
1757 1853 1787 1906 sic
1798 1852 1851 1921 dedi,

1125 1946 1174 2008 ut,
1189 1946 1327 2013 tanquam
1348 1937 1466 2007 Eubuli,
1480 1939 1614 2014 leguntur
1629 1938 1701 2014 apud
1715 1939 1825 1996 Pollucem
1834 1942 1851 2009 ό,

1125 2015 1233 2085 67.1bi
1249 2035 1257 2071 τ
1272 2010 1330 2072 ίνια
1343 2012 1370 2072 dl
1382 2016 1433 2072 τῶν
1447 2014 1607 2091 ἡδυσμάτων
1621 2018 1729 2094 ἐπῃνεῖτο
1739 2016 1850 2094 inpono,

1124 2102 1159 2167 ὥς
1170 2100 1302 2169 Εύόσυλος
1311 2103 1339 2161 όν
1348 2101 1462 2184 Γλαύκῳ
1473 2101 1537 2182 μησί
1547 2130 1560 2155 ι
1568 2102 1624 2163 liei
1634 2112 1708 2176 νᾶπυ,
1717 2129 1728 2157 ν
1738 2116 1783 2163 etc.
1791 2106 1853 2164 leh

1127 2189 1168 2268 όρ.
1194 2188 1316 2249 Τενέδιον
1341 2203 1521 2249 acesserunt
1547 2210 1583 2250 ex
1601 2195 1736 2251 Atheneo.
1754 2196 1853 2249 Poneuus

1126 2275 1247 2357 ὀρίγανόν
1262 2299 1290 2336 τι
1304 2279 1368 2339 Τιν.

340 2114 442 2189 ὁλκοῖς
461 2112 639 2197 ἀπαύστοις,
657 2121 813 2193 παντελῶς
828 2119 1033 2209 ἐστραμμένον

292 2210 312 2281 5
339 2212 421 2281 τοίνυν
436 2212 514 2309 (τὰ)
529 2216 616 2283 κάτω
634 2210 810 2299 δεικνύντες.

293 2330 413 2383 Versus
432 2330 533 2404 scripsi
546 2328 683 2387 άτιόσκιον
706 2328 752 2388 καλ
773 2353 818 2410 χρ.
839 2333 920 2390 Libui
939 2335 1078 2391 mendose

291 2413 366 2491 ιἰρρῷ
377 2411 438 2471 exui
447 2412 493 2472 καλ
503 2437 561 2495 χρ,
569 2436 663 2491 neque
674 2420 873 2492 accipiendum
886 2420 940 2477 suit
950 2441 967 2477 a
976 2422 1074 2479 Valel.

290 2500 328 2556 ad
345 2502 506 2559 callimach.
531 2524 563 2579 p.
589 2504 647 2561 250
667 2507 804 2564 insulsum
824 2519 854 2564 et
871 2520 1077 2583 praeposterum

291 2587 367 2666 ἀφρῷ
383 2588 506 2647 σκιασθὲν
527 2611 606 2669 χρυσ.
629 2590 789 2663 Ἀπιόσκιον,
807 2600 875 2670 apio
898 2599 1075 2669 cimbroirim,

289 2680 357 2735 Ant.
378 2677 448 2733 dixit
469 2680 607 2752 poculum
626 2681 753 2755 epitheto
772 2681 889 2740 sortasse
912 2703 1007 2756 novo,
1025 2687 1075 2742 sed

289 2765 443 2839 aptissimo.
458 2766 592 2825 Horatius
603 2767 699 2825 Carm.
715 2788 740 2840 1,
756 2768 784 2839 3,
802 2768 853 2827 15:

1464 2412 1510 2464 17.
1537 2392 1585 2453 ιθ.

1162 2516 1325 2592 ldema,p.
1341 2516 1453 2588 66‚D:
1470 2517 1511 2576 δτι
1525 2519 1563 2585 εἰς
1580 2516 1610 2578 sd
1628 2512 1741 2600 πρόπομα
1753 2517 1853 2577 καὶταῦτα

1122 2600 1300 2676 hamtone,
1310 2600 1415 2683 nimpi,
1430 2604 1535 2686 ρυλλλς,
1549 2605 1664 2687 σμύρνα,
1672 2606 1789 2687 κύπειρον,
1800 2610 1853 2684 μόρον

1123 2688 1277 2769 Αίγύπτιον.
1294 2687 1364 2752 ihus.

1169 2795 1213 2874 λν
1226 2808 1280 2898 μὲν
1298 2804 1530 2902 circuminspice<
1546 2813 1619 2905 φάρη
1628 2807 1852 2904 (περ)πριάμενος,

1169 2906 1328 3005 στρεόλοῢν
1341 2912 1487 3007 γράφουσι
1504 2925 1612 2985 τοῦτον
1627 2923 1665 2995 ὡς
1679 2915 1838 2985 κατάσκοπον.

1121 3052 1202 3111 πόλιν
1214 3051 1241 3112 dl

1170 3180 1231 3238 Νῦν
1248 3171 1404 3264 περιιόντα
1418 3174 1525 3268 πέπερι
1543 3175 1599 3243 καὶ
1610 3181 1716 3271 καρπὸν
1726 3175 1808 3263 βλίτου

1170 3272 1282 3356 ζητεῖν.

329 2876 392 2932 Neu
406 2876 498 2933 desint
511 2881 602 2952 epuiis
614 2897 701 2954 rosae,

329 2984 386 3021 ueu
399 2968 484 3023 vinsx
495 2972 607 3042 apium,
623 2988 679 3026 neu
691 2969 780 3028 hreve
794 2972 896 3029 lilium.

288 3058 326 3119 Et
338 3067 367 3133 4,
385 3081 417 3118 ιι
438 3082 445 3117 :

328 3156 378 3215 Est
390 3158 461 3212 mihi
473 3176 582 3214 nonum
595 3163 755 3235 superantis
770 3181 876 3219 annum

325 3246 427 3318 plenus
437 3247 542 3302 Albani
553 3247 654 3318 eadum
668 3259 710 3306 est
720 3251 750 3305 in
758 3250 855 3322 horto,

327 3334 435 3406 Phylli,
449 3336 592 3391 nectendis
600 3342 699 3411 opium
710 3343 827 3394 coronis.

286 3430 399 3484 litterae
410 3449 431 3484 π
442 3438 471 3485 et
484 3450 514 3506 φ,
528 3451 537 3486 ι
549 3442 578 3487 et
591 3452 615 3509 p,
630 3453 647 3486 α
659 3444 688 3489 et
701 3453 728 3490 ον
743 3445 934 3504 commutatae,
949 3435 1075 3504 utalias,

286 3517 345 3571 haec
368 3516 601 3575 obscuraverunt.
622 3522 655 3577 V.
678 3519 695 3577 3
715 3544 728 3571 ι
751 3517 840 3601 κύκλῳ
861 3525 978 3602 χοριῦον,
995 3523 1025 3581 h.
1047 3541 1074 3581 e.

286 3600 475 3676 κυκλούμενον,
489 3607 520 3660 in
535 3607 635 3662 orbem
650 3608 686 3664 ab
701 3611 757 3666 alio
771 3611 809 3668 ad
822 3612 910 3667 alium
925 3611 1074 3666 convivam

286 3691 494 3746 circumlatum.
508 3693 657 3768 Euripides
672 3696 761 3752 Cress.
784 3716 819 3753 ια
837 3717 843 3752 :
859 3696 963 3763 κύλικος
974 3695 1075 3775 ipuni-

285 3797 334 3845 σης
347 3771 452 3854 κύκλῳ,
467 3788 521 3836 ete.
536 3803 549 3829 ν
564 3777 590 3834 Ε
602 3782 646 3840 M.
663 3786 697 3840 V.
713 3790 728 3849 l.
742 3786 837 3840 scribo

334 3875 439 3953 ὁλκοὺς
455 3875 625 3955 ἀπαύστους
638 3890 802 3972 πανταχῶς
818 3885 1036 3974 ἐστραμμένου.

288 4001 449 4080 Πανταχῶς,
462 4015 495 4059 ut
508 4006 611 4065 Athen.
624 4026 653 4081 p.
671 4009 740 4080 αδδ,
755 4011 788 4068 Β.
802 4007 1004 4089 Ἐστραμμόνου
1017 4008 1075 4088 (δί-

284 4091 381 4164 πασς),
387 4088 580 4165 fulginensis,
599 4095 771 4169 splendentis
784 4098 895 4174 fulgore
908 4101 980 4156 auri.
1004 4105 1039 4160 V.
1057 4100 1073 4157 5

285 4178 385 4234 addidi
395 4176 440 4238 τό.

1121 3406 1207 3460 Versu
1224 3424 1236 3460 1
1252 3403 1325 3462 forte
1338 3402 1388 3482 πὲρ
1400 3406 1537 3464 exciderit
1557 3419 1625 3465 ante
1643 3430 1705 3487 πρ-.
1720 3409 1757 3466 Cf.
1769 3426 1819 3466 am.
1832 3405 1854 3460 sd

1121 3492 1225 3548 lucert
1242 3497 1272 3558 4.
1289 3492 1409 3550 Temere
1422 3493 1576 3552 ediderunt
1591 3493 1656 3556 ’Edu
1672 3493 1769 3572 μὲνόρι
1778 3517 1801 3552 τ.
1813 3493 1855 3571 pipp

1121 3599 1159 3644 τις
1170 3599 1216 3656 πρ.
1228 3583 1261 3638 V.
1275 3598 1292 3635 a
1305 3577 1448 3658 γράφουσι,
1457 3593 1490 3637 nt
1499 3585 1649 3659 Aristoph.
1660 3589 1710 3641 Av.
1722 3583 1772 3658 968
1781 3577 1855 3657 ιγρόμν

1122 3686 1152 3722 σε
1166 3662 1259 3742 μυρίας
1269 3664 1400 3744 δραχμάς.
1414 3671 1449 3726 V.
1464 3667 1480 3724 3
1494 3669 1649 3728 ediderunt
1660 3670 1711 3730 Mu
1722 3669 1757 3727 iai
1770 3663 1855 3744 Apim

1122 3755 1217 3828 (quasi
1232 3754 1262 3810 id
1276 3754 1353 3810 idem
1373 3756 1411 3810 sit
1430 3773 1463 3812 ao
1476 3755 1629 3836 περιιόντα)
1644 3769 1705 3831 σεε,
1721 3754 1856 3832 munierit

1122 3841 1202 3896 libris
1216 3840 1252 3896 ah
1275 3843 1508 3916 interpretatione
1533 3846 1641 3921 legitur
1657 3849 1693 3906 li.
1710 3845 1745 3903 διῑ
1755 3840 1856 3922 περιιόντι·

1125 3950 1138 3976 ι
1156 3929 1224 3983 Ant.
1249 3929 1280 3983 in
1302 3929 1493 4004 sycophantas
1513 3933 1711 4009 Athenienses,
1731 3934 1776 3988 nisi
1791 3930 1855 3995 hilm

1122 4015 1275 4086 invehitur,
1291 4017 1343 4090 qni
1358 4018 1438 4073 urbis
1456 4019 1531 4075 illius
1549 4039 1656 4080 nomen
1674 4039 1776 4077 exosum
1789 4013 1855 4073 redde

1124 4102 1204 4162 hant.
1220 4106 1291 4160 Nam
1306 4106 1356 4179 qui
1366 4107 1488 4164 Athenas
1500 4110 1584 4183 piper
1597 4111 1717 4185 aliasque
1730 4119 1857 4176 mmcnpt

1121 4191 1262 4265 reginas,
1278 4193 1308 4246 in
1324 4194 1395 4249 Asiae
1406 4197 1543 4270 emporiis
1555 4208 1682 4272 emptas,
1702 4191 1857 4268 impodabffll

659 4357 700 4406 li.
1384 4399 1387 4404 -
1495 4367 1537 4418 io.

283 4463 662 4526 „vmmdivmdbos
1155 4445 1190 4498 Et
1203 4444 1292 4516 sinapi
1304 4445 1443 4518 Cyprium,
1454 4455 1483 4505 et
1494 4450 1643 4507 mamonis
1655 4461 1769 4513 mentm,

283 4549 363 4607 dulce
374 4559 417 4608 est
443 4559 472 4610 ,ρ
556 4555 688 4614 ,ωε
1154 4531 1348 4606 Milesiumqne
1356 4538 1536 4606 nasturtium,
1548 4546 1576 4594 et
1587 4554 1682 4609 cepam

282 4638 381 4693 saucio
392 4594 456 4695 „025
465 4570 556 4698 alm?
580 4573 591 4629 J
643 4645 691 4702 tat·
1066 4626 1073 4635 ’
1151 4618 1379 4688 Samothraciam,
1389 4619 1537 4680 brassicam
1547 4622 1725 4696 cartilaginis,

353 4723 359 4735 ·
492 4658 642 4717 'emmens
684 4662 712 4703 ¹⁰
823 4701 827 4708 '
1150 4702 1293 4775 silphium,
1303 4706 1484 4781 thymumque
1499 4724 1531 4765 ex
1545 4709 1703 4783 Hymettia,

283 4721 422 4796 duplicem
437 4727 602 4800 voluptatem
612 4730 713 4789 afferre
723 4734 802 4791 solet.
1115 4789 1294 4861 mgnum
1307 4792 1458 4851 Tenediam

657 4858 697 4907 ¹5·
1488 4904 1499 4939 r
1525 4925 1531 4938 .

318 4959 373 5016 Alii
385 4975 447 5016 vero
460 4960 540 5018 etiam
552 4965 608 5021 vini
619 4967 733 5041 loogaeci
1116 4982 1224 5055 Quodsi
1238 4986 1323 5058 igitur
1337 4989 1413 5061 piper
1422 4904 1522 5064 sliquii
1532 4999 1653 5065 emptum
1665 4990 1793 5061 imponet,

316 5047 378 5119 apio
394 5046 551 5105 umbratam
564 5066 678 5111 aureum
689 5058 801 5116 calicem
1115 5086 1178 5128 eum
1191 5071 1253 5130 dics
1270 5075 1371 5148 scripta
1390 5077 1565 5136 cruciamlom
1585 5093 1645 5136 esse
1663 5079 1749 5142 aiuut,
1761 5081 1858 5140 usqum

316 5133 445 5207 plenum,
460 5135 507 5206 qui
518 5134 545 5191 in
555 5135 649 5193 orbem
663 5141 758 5212 saltat,
772 5144 901 5203 hauriunt
913 5147 1021 5218 buccis,
1488 5170 1530 5220 18.
1668 5160 1855 5233 [erpuinum

316 5219 437 5277 infinitos
452 5227 532 5291 potus
549 5237 763 5294 quoquoversus
775 5229 937 5304 fulgurantis
1116 5245 1198 5300 Nune
1212 5244 1440 5306 circumeundum
1460 5259 1500 5306 est
1510 5254 1584 5324 piper
1595 5258 1622 5309 et
1635 5248 1748 5308 huctcm
1761 5235 1858 5312 ampliss

1115 5330 1261 5401 quaereuti.

281 5314 298 5363 5
316 5323 398 5377 συρτει
406 5306 532 5379 intraque
542 5317 732 5370 monstrantes.
