3917 5950
828 466 1051 526 SOSlPhTER.

122 611 159 668 V.
180 628 196 663 a
212 610 298 683 vulgo
312 603 402 663 αὐτόν.
419 609 451 663 V.
470 604 579 660 5malo
598 606 646 660 τοῦ
666 602 688 659 δ’
711 599 741 657 δν
762 621 827 674 μασ.
845 599 913 658 V.6

121 695 211 774 ἡδονῇ
226 694 386 769 Schweigh.
403 711 458 767 pro
472 688 582 759 ἡδονήν.

426 960 613 1020 Lxllllvlll.

395 1088 649 1159 SOSlPATER.

95 1300 101 1306 ,
172 1267 184 1289 «ι
202 1242 236 1295 ln
254 1239 337 1311 hujus
350 1237 461 1294 Comici
478 1215 666 1309 fragmentoe
683 1228 913 1311 Καταψευδομένῳ

126 1334 370 1384 commemoratur
389 1323 543 1381 Chariades
560 1339 688 1395 coquus,
710 1319 746 1374 de
770 1337 828 1393 quo
854 1331 913 1377 tan·

126 1435 215 1491 quam
229 1425 346 1470 mortuo
358 1413 487 1485 loquitur
495 1411 636 1484 Euphron
646 1409 748 1464 Athen.
760 1427 791 1483 9,
801 1427 831 1482 p.
842 1407 911 1482 379,

126 1506 171 1561 C:
188 1506 278 1579 igitur
294 1502 450 1576 Euphrano
461 1499 549 1574 paulo
565 1497 731 1572 antiquior,
747 1505 776 1548 et
795 1495 913 1551 fortasse

126 1592 230 1648 mcdiae
243 1589 390 1647 comoediae
403 1597 491 1662 poeta
507 1586 561 1641 fuit
577 1587 739 1660 Sosipater,
755 1602 841 1658 quem
854 1602 913 1639 non

126 1679 299 1738 diversuma
315 1677 439 1753 Sopatro
447 1673 561 1750 paredo
574 1672 696 1748 putabat
714 1672 872 1746 Schweigh.
896 1696 909 1722 s

126 1769 153 1821 E
163 1768 207 1825 M.

324 1882 713 1944 da'raddraonodoz.

168 2028 273 2084 Athen.
292 2044 323 2099 9,
338 2043 369 2098 p.
387 2023 462 2097 377,
481 2025 504 2079 P
527 2042 533 2076 ι
555 2019 636 2097 μέγας
650 2021 673 2078 δ’
690 2017 746 2078 lori
769 2016 911 2093 σοφιστὴς,

125 2112 175 2172 καλ
197 2111 270 2170 οὐδὲν
294 2110 382 2182 ἥττων
403 2111 456 2168 τῶν
477 2110 575 2188 ἰατρῶν
595 2111 631 2175 εἰς
645 2106 809 2178 ἀλαζονείαν,
831 2106 876 2164 καὶ
899 2111 914 2165 δ

120 2200 203 2278 ’παρὰ
220 2198 390 2277 Σωσιπάτρῳ
411 2198 535 2276 μάγειρος
550 2198 576 2254 ἐν
602 2193 850 2274 Καταψευδομένῳ,
868 2195 913 2254 λέ·

122 2311 181 2366 τοι
194 2287 285 2360 οὗτοι,

177 2439 180 2448 ,
203 2414 235 2453 α.
252 2390 296 2453 Οὐ
313 2392 468 2461 παντελῶς
481 2385 733 2478 εὐκαταφρόνητος
749 2390 767 2456 ἡ
784 2386 897 2475 τέχνη,

204 2488 240 2558 ἀν
255 2494 461 2583 κατανοήσῃς,
482 2489 563 2557 ἐστὶν
575 2496 673 2581 ἡμῶν,
689 2492 827 2580 Δημύλε,

203 2596 285 2665 ἀλλὰ
312 2600 466 2664 πέπλυται
492 2596 527 2662 τὸ
560 2600 708 2688 πρᾶγμα,
736 2594 786 2660 καὶ
804 2595 913 2672 πάντες

804 2693 913 2794 σχεδὸν

206 2802 279 2872 εἶναι
302 2806 438 2898 μοίχειροί
454 2829 558 2897 φασιν,
581 2797 666 2872 οὐδὲν
679 2797 812 2892 εἰδότες,

153 2908 176 2983 5
202 2913 262 2980 ὑπὸ
278 2920 338 2978 τῶν
351 2914 494 2978 τοιούτων
506 2905 535 2977 δ’
551 2917 569 2985 ἡ
586 2914 676 3005 τέχνη
691 2911 883 3002 λυμαίνεται“

204 3020 272 3086 ἐπεὶ
284 3070 293 3099 ,
307 3019 445 3113 μάγειρον
456 3017 505 3113 ἐὰν
515 3012 611 3110 leiim<
628 3018 777 3095 ἀληθινὸν,

204 3129 240 3191 ἐκ
253 3117 362 3202 παιδὸς
382 3126 473 3216 ὀρθῶς
488 3124 529 3202 εἰς
543 3124 579 3189 τὸ
594 3130 709 3218 πρᾶγμ’
727 3123 911 3216 εἰσηγμένον,

202 3225 219 3260 ⁴¹
233 3230 283 3296 καὶ
298 3229 352 3308 τὰς
366 3221 507 3321 δυνάμεις
522 3231 693 3320 κατέχοντα
709 3228 762 3294 καὶ
777 3227 817 3294 τὰ
831 3222 914 3319 *μου

794 3333 914 3423 θέματα

204 3437 316 3507 ἅπαντ’
332 3439 433 3533 ἐφεξῆς
450 3433 553 3524 εἰδόθ’,
570 3440 671 3529 ἔτερόν
684 3464 732 3506 σοι
742 3440 834 3531 τυχὸν

131 3571 176 3615 ιο
204 3549 370 3637 φανήσεται
385 3548 422 3612 τὸ
436 3551 572 3637 προῖχμα.
588 3552 670 3637 Τρεῖς
683 3551 768 3635 ἡμεῖς
787 3546 833 3610 έτι

204 3654 293 3742 ἐσμὲν
307 3653 480 3735 ἐπίλοιποι,
498 3643 636 3728 Βοιδίων,
652 3649 703 3715 καὶ
718 3642 886 3740 Χαριάδης,

432 3834 603 3889 ΜΕΝΒΑΧ.

183 3934 210 3974 a.
227 3921 289 3975 Nou
302 3934 413 3991 prorsus
426 3917 625 3977 contemnenda
639 3926 680 3973 est
693 3932 736 3974 ars

184 4014 294 4072 nostra,
305 4007 328 4061 si
340 4005 489 4079 expendas,
505 4004 633 4078 Damyle;

114 4142 119 4149 .
184 4091 234 4148 sed
248 4093 373 4165 culpatur
388 4109 432 4150 res
445 4135 451 4160 ‚
462 4108 613 4164 omnesque
624 4095 820 4164 propemodum

183 4193 288 4249 coquos
300 4180 377 4235 aium
387 4194 416 4234 se
429 4194 506 4245 esse,
523 4194 608 4250 quum
616 4176 685 4233 nihil
696 4179 794 4241 sciant,

141 4273 160 4319 5
183 4271 213 4319 ct
223 4262 354 4333 ejusmodi
366 4263 491 4322 homines
504 4272 590 4320 artem
605 4263 794 4336 pessumdatum

92 4396 94 4403 .
185 4366 251 4407 nam
262 4367 357 4408 rerum
368 4368 487 4424 coquum
496 4353 519 4409 si
529 4351 752 4417 consideraveris,

185 4452 300 4509 apuero
310 4439 340 4494 in
350 4454 407 4495 sem
419 4437 515 4494 ordine
525 4436 685 4502 inductum,

185 4523 295 4581 etvires
309 4524 501 4596 passionesque
511 4524 637 4579 omnium

186 4607 347 4678 singulatim
365 4615 596 4680 cognoscentem,
608 4607 661 4664 alia
673 4606 788 4663 somne

125 4704 162 4752 to
185 4710 230 4751 res
240 4696 289 4751 tibi
300 4695 446 4753 ridebitur.
457 4698 523 4752 Tres
534 4694 625 4751 adhuc
636 4709 688 4750 uos

187 4796 287 4839 sumus
298 4784 414 4857 reliqui,
429 4783 556 4849 Boedion
571 4781 772 4847 emanandas,

186 4883 294 4940 egoque
308 4888 314 4923 :
333 4870 431 4926 ceteris
440 4869 555 4943 oppede.
569 4869 597 4925 b.
610 4868 684 4940 Quid
701 4868 758 4924 ais?

187 4957 259 5025 ego?
274 4970 299 5011 a.
311 4955 440 5012 scholam
450 4972 501 5013 nos
510 4971 649 5012 semamus

188 5041 312 5098 Sicanis:
324 5042 371 5100 ille
381 5044 448 5102 artis
457 5052 553 5101 auctor
566 5042 633 5111 inin

130 5139 166 5187 15
188 5129 284 5187 docuit
296 5147 348 5188 nos
363 5133 482 5204 primum
495 5133 694 5204 astrologorum
708 5131 841 5188 rationem

188 5217 290 5275 dunas
301 5229 363 5293 post
376 5221 435 5280 haec
449 5221 542 5278 statim
553 5219 809 5286 architectonicam

190 5307 311 5380 physion
323 5324 418 5367 omnes
432 5312 521 5369 tenuit
532 5309 711 5382 quaestionem

1680 465 1737 515 671

1036 601 1093 690 ἐγώ
1121 615 1165 662 τε·
1193 602 1254 670 τοῖς
1273 600 1393 668 λοιποῖς
1419 586 1452 658 δὲ
1481 583 1679 683 προσπέρδου.
1707 596 1738 675 β.

1598 697 1639 762 Τί
1659 702 1738 788 ρης

1035 810 1111 901 ἐγώ,
1129 833 1156 871 α.
1173 806 1217 871 Τὸ
1233 796 1448 870 διδασκαλεῖον
1463 808 1550 892 ἡμεῖς
1565 798 1697 894 σώζομεν

1035 913 1071 979 τδ
1086 911 1228 990 Σίκωνος·
1248 906 1332 984 οὗτος
1352 918 1406 983 τῆς
1424 910 1532 1000 τέχνης
1553 908 1682 999 ἀρχηγὸς
1695 907 1741 979 ἦν

967 1014 1007 1085 15
1037 1011 1195 1084 ἐδίδασκεν
1209 1019 1290 1107 ἡμᾶς
1299 1024 1420 1106 πρῶτον
1431 1012 1621 1103 ἀστρολόγων
1636 1014 1739 1107 λόγον,

1033 1127 1138 1192 ἔπειτα
1158 1122 1236 1215 μετάι
1246 1121 1334 1189 ταῦτ’
1347 1122 1427 1197 εὐθὺς
1437 1121 1669 1211 ἀρχιτεκτονεῖν·

1037 1229 1103 1322 περὶ
1115 1231 1226 1322 φύσεως
1241 1235 1367 1317 κατεῖχε
1381 1228 1495 1301 πάντας
1509 1226 1579 1300 τοὺς
1592 1225 1707 1316 λόγους·

1035 1335 1084 1402 ἐπὶ
1096 1340 1170 1401 πᾶσι
1180 1337 1296 1411 τούτοις
1306 1331 1319 1425 ψ
1329 1331 1379 1425 τ’)
1394 1334 1479 1424 ἔλεγε
1494 1329 1535 1396 τὰ
1545 1332 1738 1422 στρατηγικοί·

1033 1441 1090 1532 πρὸ
1115 1450 1169 1515 τῆς
1197 1441 1306 1529 τέχνης
1329 1429 1454 1505 ἔσπευδε
1477 1435 1559 1502 ταῦθ’
1580 1440 1659 1525 ἡμᾶς
1682 1461 1742 1525 μα-

1670 1540 1740 1607 θεῖν.

961 1674 1008 1721 20
1036 1655 1065 1736 β
1085 1639 1149 1739 λροι
1166 1651 1200 1715 nti
1217 1674 1254 1739 με
1272 1649 1395 1714 κόπτειν
1411 1644 1474 1723 υἷος
1491 1641 1517 1711 εἷ
1529 1672 1578 1738 γε,
1590 1646 1739 1734 piarum

1033 1784 1064 1822 α.
1083 1752 1165 1838 Oli,
1182 1754 1252 1820 ἀλλ’
1277 1757 1306 1818 έν
1321 1756 1381 1836 ὅσῳ
1394 1748 1566 1842 προσέρχετ’
1586 1746 1617 1826 ἐξ
1633 1751 1742 1843 ἀγοραῖς

1615 1883 1741 1941 υπαις,

1034 1965 1137 2055 μικρὸν
1152 1955 1314 2031 διακουίσω
1331 1989 1362 2029 σε
1379 1962 1444 2053 περὶ
1457 1972 1509 2028 τοῦ
1523 1962 1715 2054 πράγματος,

1034 2071 1082 2135 ἵνα
1098 2081 1141 2156 τῷ
1156 2078 1262 2137 λαλεῖν
1278 2065 1419 2159 λάέωμεν
1441 2070 1575 2159 εὔκαιρον
1589 2070 1702 2160 χρόνον.

1035 2179 1065 2258 β.
1095 2167 1251 2261 Ᾰπολλον,
1292 2167 1439 2268 epp-lin!
1474 2200 1503 2238 α.
1537 2164 1689 2256 λκουσον,
1718 2171 1741 2236 ὦ

1639 2275 1736 2372 ’palti

962 2381 1007 2454 25
1034 2377 1083 2453 δεῖ
1097 2389 1148 2453 τὸν
1165 2388 1307 2479 μοίγειρον
1324 2377 1436 2452 εἰδέναι
1451 2389 1609 2478 πρώτιστα
1627 2387 1680 2474 μὲν

1033 2491 1098 2581 περὶ
1127 2502 1187 2560 τῶν
1214 2496 1369 2583 μετεώρων
1396 2492 1449 2567 τοίς
1475 2516 1509 2556 τε
1541 2498 1601 2557 τῶν
1628 2489 1743 2585 ἀστρωυ

1597 2588 1740 2682 δύσεις,

1033 2702 1151 2779 καὶτὰς
1165 2704 1324 2788 ε’πιτολάς,
1340 2701 1396 2767 καὶ
1408 2697 1463 2766 τὸν
1475 2705 1575 2785 ἥλιον,
1592 2703 1665 2769 πότε

1034 2808 1084 2874 ἐπὶ
1100 2812 1155 2882 τὴν
1173 2806 1290 2902 μακράν
1302 2834 1336 2874 τε
1350 2805 1401 2873 καὶ
1414 2811 1563 2896 βραχεῖαν
1578 2810 1694 2898 ἡμέραν

1035 2914 1181 3001 ἐπάνεισι,
1201 2914 1257 2981 κάν
1272 2912 1406 2981 ποίοισίν
1423 2915 1486 2980 έστι
1501 2901 1630 2997 ζῳδίοις·

961 3015 1007 3086 30
1033 3018 1072 3084 sei
1090 3017 1147 3112 γὰρ
1166 3017 1243 3109 ὄψα,
1254 3017 1345 3111 φασὶ,
1362 3017 1466 3084 πάντα
1477 3016 1582 3084 καὶτὰ
1598 3022 1743 3112 βρώματα

1034 3118 1142 3217 σχεδὸν
1157 3130 1187 3191 έν
1203 3130 1346 3218 περιφορᾷ
1359 3135 1413 3200 τῆς
1433 3127 1505 3200 ὁλης
1520 3118 1685 3202 συντάξεως

1033 3231 1134 3322 ἑτέραν
1148 3235 1178 3297 έν
1193 3227 1298 3307 ἀλλοις
1310 3224 1463 3320 λαμδοίνει
1478 3233 1533 3313 τὴν
1547 3218 1667 3303 ἡδονήν.

1034 3332 1060 3403 ί)
1075 3338 1128 3427 μὲν
1144 3335 1193 3404 οὖν
1213 3337 1353 3425 κατέχων
1379 3334 1420 3401 τὰ
1436 3345 1580 3415 τοιαῦτα,
1594 3339 1649 3411 την
1666 3341 1742 3427 ὥραν

1602 3471 1608 3482 ·
1655 3434 1740 3521 ἰδὼν,

1034 3548 1147 3612 τούτων
1162 3544 1318 3631 έκοίστοις,
1337 3554 1376 3622 ὡς
1392 3556 1539 3639 προσῆκε,
1555 3550 1710 3636 χρήσεται·

964 3646 1007 3719 35
1035 3656 1051 3718 ὁ
1067 3644 1097 3716 δ’
1111 3652 1226 3745 ἀγνοῶν
1235 3659 1319 3720 ταῦτ’
1337 3650 1458 3728 εἰκότως
1470 3646 1679 3730 τυντλάζεται.

1013 3830 1110 3906 hisque
1120 3831 1248 3890 omnibus
1267 3831 1399 3890 absolutis
1412 3831 1540 3904 explicuit
1553 3833 1723 3905 imperatoria
1736 3853 1742 3889 :

1013 3926 1075 3975 ante
1086 3926 1174 3977 artem
1188 3918 1325 3976 festinavit
1338 3927 1370 3975 ut
1385 3917 1447 3976 liaeo
1459 3917 1634 3975 disceremus.

961 4010 996 4061 20
1014 4003 1041 4058 b.
1059 4008 1102 4061 dn
1117 4012 1149 4061 tu
1163 4019 1208 4062 me
1221 4003 1436 4072 obtundamus,
1451 4004 1634 4063 amicissime?

1014 4107 1039 4146 a.
1060 4093 1139 4157 Nom
1149 4091 1196 4147 sed
1210 4089 1277 4147 dum
1291 4089 1361 4146 redit
1374 4105 1407 4146 ex
1417 4088 1477 4148 iuro
1492 4105 1569 4162 puer,

1015 4177 1127 4249 paulum
1139 4185 1165 4234 te
1176 4175 1323 4249 pulveraho
1338 4180 1517 4243 (imilluam)
1528 4176 1563 4234 de
1572 4176 1623 4234 hac
1637 4195 1675 4241 re,

1015 4271 1046 4320 ut
1057 4271 1210 4336 opporttno
1224 4271 1349 4336 tempore
1362 4264 1557 4337 colloquamur.
1679 4266 1685 4279 ’

1015 4350 1041 4405 b.
1056 4353 1109 4408 Per
1118 4350 1284 4423 Apollinem,
1296 4350 1427 4408 molestus
1437 4354 1478 4407 es!
1491 4366 1520 4407 a.
1533 4351 1615 4419 Audi,
1631 4369 1648 4409 o
1663 4354 1741 4412 bone.

961 4442 996 4492 25
1015 4445 1122 4509 oportet
1136 4452 1256 4509 coquum
1265 4437 1334 4494 scire
1346 4437 1434 4509 primo
1447 4437 1571 4495 omnium
1583 4436 1644 4496 loeo

1016 4538 1123 4595 supera,
1135 4522 1257 4580 siderum
1270 4537 1383 4580 cccmus

1014 4616 1194 4681 unusquam
1205 4610 1245 4666 sol
1256 4608 1367 4683 quaudo

1016 4695 1050 4751 ad
1064 4696 1171 4767 longam
1186 4694 1227 4752 rel
1242 4695 1350 4753 brevem
1365 4695 1438 4752 diem

1016 4781 1155 4852 ascendat,
1167 4782 1321 4855 quibusque
1335 4782 1459 4857 signiferi
1482 4785 1548 4840 insit
1562 4786 1743 4846 animalibus:

963 4874 998 4924 30
1014 4869 1127 4941 opsonia
1140 4869 1226 4938 enim,
1238 4876 1270 4925 ut
1281 4870 1367 4937 aiunt,
1378 4869 1484 4937 omnia,
1496 4877 1524 4927 et
1537 4869 1635 4928 cibaria

1017 4954 1075 5012 lere
1088 4955 1117 5011 in
1131 4962 1189 5011 toto
1204 4955 1321 5012 chorita
1336 4955 1551 5028 compositionis,

1015 5041 1099 5099 aliam
1111 5043 1141 5098 in
1151 5041 1212 5098 aliis
1222 5042 1336 5114 gratiam
1348 5041 1494 5114 accipiunt.

1019 5131 1149 5202 Quisquis
1159 5130 1243 5201 igitur
1258 5130 1322 5189 talia
1332 5138 1418 5198 tenet,
1433 5130 1607 5188 considerans
1624 5135 1746 5199 latetur:

1017 5219 1084 5273 anui
1090 5225 1209 5291 tempus,
1223 5216 1299 5290 quod
1313 5216 1412 5277 horum
1424 5216 1539 5288 singulis
1554 5219 1696 5285 eonvamt,
1715 5235 1747 5276 eo

965 5310 999 5361 ³5
1017 5303 1744 5378 ignoransvcrohaeopermiseet,utmnnutaueuncst,
