3917 5950
853 466 1000 527 Alexis.

126 623 170 666 to
196 604 244 665 ὅτι
259 592 308 664 δεῖ
322 599 458 691 γυναικὸς
469 600 661 691 ἐπιφερούσης
676 592 842 676 δακτύλους

195 699 352 780 ἁπαλοὺς*
366 700 417 769 ὑπ’
436 705 563 781 ἀκάνθης
580 696 657 795 μηδὲ
675 703 704 770 έν
721 709 836 771 τούτων
850 731 906 771 πα-

808 808 907 904 θεῖν,)

195 916 243 980 ἐπὶ
257 916 292 980 τὸ
308 916 451 1008 τάγηνον,
469 909 615 1007 φυκίδας,
628 915 745 1006 ψήττας
755 916 857 1005 τινὰς,

192 1012 322 1112 καρῖδα,
340 1022 447 1112 φύκην,
465 1016 588 1106 κωύιθν,
606 1024 730 1116 πέρκην,
746 1023 867 1116 σπάρον,

193 1120 306 1216 κρεάδι’
323 1123 420 1204 άττα,
434 1119 583 1214 ποδάρια,
598 1130 692 1220 ῥύγχη
706 1125 794 1212 τινὰ,

125 1226 167 1296 15
195 1227 302 1320 ὠτάρι’
318 1227 387 1311 ὕει’,
402 1231 532 1305 ήπάτιον
548 1233 803 1324 ἐγκεκαλυμμένον

178 1329 389 1431 ’(αῖσγύνεται
398 1335 455 1432 γὰρ
465 1340 606 1405 πελιτνθν
622 1336 653 1405 θν
664 1350 709 1424 τῷ
723 1336 883 1431 χρώματι)
895 1390 904 1426 ,

196 1448 323 1521 ἐποίησά
339 1445 369 1514 τ’
387 1450 462 1514 αὐτὸ
472 1452 685 1541 ποικιλώτερον
700 1445 775 1515 ταώ.

195 1554 321 1630 Τούτοις
338 1553 473 1647 μάγειρος
488 1558 521 1619 οὐ
537 1553 683 1645 πρύσειά,
700 1545 764 1619 οὐδ’
781 1549 884 1642 ὄψεται

195 1653 379 1750 (οἰμώξεται
392 1658 449 1754 γὰρ
463 1665 497 1735 νή
509 1655 595 1749 Δί’),
612 1654 683 1725 ἀλλ’
700 1661 758 1754 ἐγὼ
770 1667 868 1751 σαφῶς

118 1786 168 1831 20
196 1761 285 1833 ταῦτ’
306 1766 510 1857 οἰκονομήσω,
526 1764 578 1832 καὶ
593 1772 762 1859 γλαφυρῶς,
778 1765 828 1830 καὶ
841 1791 909 1832 ποι·

793 1871 906 1955 κῖλως,

196 1980 292 2041 οὕτω·
303 1984 385 2043 πονῶ
398 1975 455 2070 γὰρ
470 1972 579 2066 τοῦψον
594 1975 698 2059 αὐτὸς,
712 1979 790 2043 ώστι
803 1977 871 2052 τοὺς
898 2064 899 2068 ¹

197 2072 390 2160 δειπνοῦντας
401 2083 441 2159 εἰς
452 2079 491 2148 τὰ
505 2073 631 2148 λοπάδι’
644 2075 806 2173 ῖμύάλλειν
814 2088 909 2147 ποιεῖν

198 2188 372 2266 ἐνίοτιτοὺς
383 2180 532 2274 ὀδύντας,
546 2188 605 2254 ὑπὸ
621 2198 675 2264 τῆς
689 2179 811 2264 ήδονῆς.

196 2291 260 2371 Τὰς
270 2291 284 2319 *
298 2293 453 2371 σκευασίας
460 2293 581 2361 πάντων
590 2287 623 2360 δὲ
633 2293 685 2359 καὶ
695 2295 750 2371 τὰς
760 2293 910 2371 σκευάσεις

119 2396 169 2466 25
199 2403 314 2468 τούτων
336 2402 458 2493 ἕτοιμός
469 2402 532 2492 εἰμι
543 2395 697 2482 δεικνύειν,
710 2401 821 2493 λέγειν,

198 2515 308 2601 προῖκα
316 2497 548 2599 προδιδάσκειν,
561 2500 597 2571 ἂν
607 2506 678 2597 θέλῃ
686 2529 734 2580 τις
742 2502 906 2594 μανθάνειν.

117 2621 215 2672 Versu
244 2605 320 2674 ιοθν
341 2616 454 2673 addidit
476 2616 637 2685 Elmsleius,
662 2613 785 2670 Meinek.
807 2609 911 2690 ὄστρεια

116 2706 237 2780 scripsit
252 2725 308 2781 pro
327 2702 443 2782 ὄστρεα,
468 2714 497 2760 et
518 2706 643 2760 correxit
665 2702 746 2776 quod
767 2702 914 2776 legebatur

117 2790 213 2868 Νηρεῖ
225 2814 277 2849 τιν
288 2814 309 2863 ι,
328 2794 478 2867 «ineptum
488 2790 524 2846 de
535 2793 626 2847 Nereo
641 2809 737 2863 eoquo
747 2802 775 2845 et
785 2808 913 2863 caupone

116 2881 325 2942 celeberrimo.
339 2904 351 2933 ν
364 2885 396 2939 V.
411 2900 429 2936 a
439 2882 518 2957 φῦκος
532 2875 928 2957 1·]ΙιιιεΙ.μτοφυκίοισιν.Βία·Ἰ

119 2972 203 3030 dori.
219 2969 300 3050 φυκί’·
316 2969 428 3030 Deinde
442 2969 546 3028 Coraes
559 2964 728 3049 ἠμφιεσμένα
744 2986 799 3043 pro
816 2968 914 3046 ἠμφιε-

38 3117 43 3125 ,
119 3056 227 3138 σμένῳ.
252 3061 409 3118 Meinekius
431 3062 515 3116 etiam
541 3057 651 3137 γέροντα
675 3059 802 3133 scripsit,
822 3069 854 3113 ut
874 3058 912 3113 ad

119 3149 234 3227 ὄστρεια
247 3152 395 3210 referatur.
421 3153 601 3224 Versus9·11
625 3150 710 3205 etiarn
720 3150 750 3203 in
771 3149 912 3202 Demetrio

119 3242 214 3314 positi
223 3251 314 3309 erant,
323 3237 465 3311 cujusvid.
475 3238 573 3312 fragm.
583 3238 611 3295 3.
619 3241 651 3294 V.
664 3233 847 3294 rocod.Cdti
854 3254 910 3310 pro

120 3327 157 3397 δὴ
170 3371 179 3397 ,
194 3328 275 3401 quod
287 3339 327 3384 est
340 3329 370 3382 in
383 3327 491 3383 ceteris.
507 3329 541 3383 V.
563 3345 593 3380 11
609 3343 708 3401 parurn
718 3324 832 3398 placent
843 3342 911 3379 ana-

119 3416 206 3489 paesti
219 3414 278 3470 duo
294 3415 433 3483 continui,
447 3414 648 3486 suspicorque,
661 3429 749 3484 quum
761 3410 834 3466 forte
845 3412 913 3466 seri·

121 3514 210 3576 ptum
237 3514 307 3558 esset
326 3499 439 3570 άκάνθης
460 3519 515 3576 pro
546 3498 668 3562 ἀκάνθαις
685 3497 727 3576 (v.
758 3508 856 3555 annot.
877 3497 914 3553 ad

22 3636 26 3641 .
121 3589 228 3662 Odyss.
248 3607 297 3658 aa,
322 3588 406 3660 306,
420 3595 470 3657 at,
493 3585 587 3663 508),
610 3587 653 3643 ὑπ’
669 3589 804 3642 insertum
822 3602 914 3640 essea

121 3678 247 3733 librario
261 3679 334 3733 male
354 3676 466 3734 feriato.
483 3676 564 3732 Certe
585 3673 737 3749 legendum
758 3690 817 3728 esse
837 3672 914 3728 arbi-

123 3777 190 3821 tror
201 3761 321 3829 ἁπαλοὺς
334 3761 497 3827 ἀκάνθαις
508 3764 554 3819 vel
567 3759 702 3839 ἀκάνθῃ.
718 3763 840 3818 lnDem.
854 3756 913 3816 τού-

121 3874 186 3917 τους
197 3872 254 3928 pro
268 3848 423 3908 scironia
437 3869 494 3925 qna
509 3850 606 3906 sabula
620 3853 912 3914 etiamversussa·1d

124 3943 215 4015 positi
233 3940 318 3996 fuisse
351 3939 500 4008 videntur3
517 3938 577 3998 vid.
598 3957 661 4012 quae
675 3939 780 3995 Athen.
798 3946 915 3993 testatur

124 4031 229 4105 fragm.
255 4035 283 4094 d.
297 4030 415 4085 Versum
437 4028 506 4083 olim
527 4033 578 4095 td,
600 4022 713 4095 ἐποίησά
727 4022 750 4081 τ’
766 4021 840 4097 αὐτὸ,
860 4036 913 4080 etc.

126 4117 291 4191 transposui
311 4125 378 4189 post
396 4112 535 4192 χρώματι,
554 4132 583 4172 ν.
609 4113 656 4183 16,
678 4115 729 4169 ubi
752 4123 794 4169 est
819 4123 913 4187 aptus.

124 4208 160 4261 V.
177 4211 212 4270 rb
223 4201 323 4282 κρεάδι’
338 4200 403 4259 ἄττα
418 4203 556 4259 Dobraeus
567 4202 605 4258 ad
616 4203 691 4257 Pluti
705 4200 763 4257 228
777 4220 831 4275 pro
843 4197 915 4277 κρεά-

129 4373 163 4420 ιο
181 4374 291 4422 teneros
303 4363 412 4425 femina
426 4363 540 4435 digitos,
557 4364 622 4420 buic
634 4361 746 4431 allatos,

181 4451 268 4523 spinis
282 4451 442 4532 ejnsnaqua
482 4465 526 4505 am
542 4449 620 4515 laedi)

181 4524 276 4578 catino
287 4521 447 4593 imposu1‚p
467 4520 568 4592 ycides,
584 4520 688 4592 aliquot
698 4519 843 4590 rhombos,

182 4608 329 4681 squillam
340 4605 462 4680 pbycen,
475 4607 602 4678 gobium,
615 4622 740 4680 peream,
753 4622 879 4680 sparum,

182 4694 345 4752 carunculas
353 4692 501 4767 quasdam,
514 4694 609 4768 pedes,
623 4702 720 4763 rostra,

134 4791 165 4840 15
183 4781 320 4842 auriculas
330 4782 467 4854 porcinas,
478 4783 557 4855 Jecur
568 4780 721 4841 involutum

183 4868 226 4934 (id
236 4860 312 4925 enim
325 4866 422 4941 pudet,
437 4868 516 4925 lividi
527 4884 587 4927 esse
596 4869 722 4936 eoloris),

185 4958 328 5029 magisque
339 4956 509 5015 haeresiani
522 4973 604 5031 quam
614 4959 726 5030 pavonis
737 4957 862 5014 caudam.

186 5041 229 5098 Ad
240 5041 306 5105 baec
314 5056 419 5114 coquus
431 5058 487 5099 non
496 5043 616 5112 accedet,
629 5060 718 5117 noque
729 5060 760 5101 ea
771 5044 919 5117 conspiciet

186 5127 321 5201 (plorabit
331 5144 380 5202 per
391 5131 502 5187 Jovem!
511 5132 521 5196 )
531 5128 580 5186 sed
592 5146 643 5203 ego
652 5130 725 5189 clare

135 5223 169 5271 ευ
187 5218 247 5274 baec
259 5215 411 5296 ordinabo,
424 5225 506 5290 atque
518 5218 664 5289 eleganter,
677 5227 704 5275 et
713 5221 794 5288 varie,

187 5303 226 5359 sie
243 5319 250 5356 :
264 5301 377 5361 elaboro
391 5306 464 5362 enim
475 5304 620 5383 opsonium
634 5305 690 5379 ipse
700 5307 751 5376 ita,
764 5316 795 5365 ut

1675 485 1728 535 att

951 597 1005 656 δια.
1022 599 1166 654 Elmsleius
1179 598 1303 652 malebat
1324 596 1431 675 κρεάδια
1456 598 1509 656 καθ
1531 601 1659 679 ποδάρια,
1684 608 1734 679 qni

950 689 1078 761 sequenti
1089 704 1171 741 versu
1186 689 1311 742 correxit
1322 688 1401 760 quod
1409 689 1557 762 legebatur
1566 693 1651 766 vulgo
1663 691 1733 749 ιὀτά·

952 794 995 850 ρια
1010 771 1077 830 ὕειον
1094 771 1174 849 (cod.
1192 771 1243 832 ΑΡ
1255 773 1293 847 ύῖ)
1311 775 1358 841 ἡπ.
1371 776 1435 828 Ηυο
1448 778 1570 850 respexit
1585 779 1685 836 Athen.
1702 780 1732 849 3,

950 879 980 935 p.
998 861 1034 935 95
1045 865 1088 936 ,A
1104 879 1111 914 ι
1125 859 1211 916 ποδῶν
1220 855 1248 916 δὲ
1262 857 1307 916 καὶ
1319 856 1416 935 ὠτίων,
1433 857 1471 916 ἔτι
1486 858 1514 917 δὲ
1526 860 1635 941 ῥύγχους
1650 865 1735 939 (μνη-

952 941 1136 1025 patelaria.
1151 947 1178 1003 ἐν
1191 943 1343 1025 Κρατιύορή
1358 948 1455 1024 Φαρμ.
1472 952 1560 1006 Versu
1575 951 1608 1007 16
1624 954 1734 1008 Porso-

950 1056 1004 1092 nus
1013 1033 1132 1093 πιλιτνθν
1140 1055 1195 1111 pro
1207 1037 1322 1111 vulgato
1330 1034 1459 1108 πελιδνόν.
1470 1038 1556 1110 Quod
1567 1041 1694 1113 sequitur
1707 1037 1736 1098 δν

952 1125 1074 1181 debetur
1085 1126 1218 1200 Berglero
1233 1125 1270 1179 ad
1282 1125 1409 1200 Alciphr.
1429 1143 1454 1194 1,
1468 1144 1515 1183 ao.
1532 1150 1545 1176 ι
1559 1127 1642 1186 Cous.
1657 1130 1736 1185 Pier-

950 1232 1003 1268 son
1029 1213 1065 1268 ad
1080 1211 1160 1270 ltoer.
1178 1232 1209 1286 p.
1225 1211 1297 1281 325,
1311 1224 1340 1268 et
1357 1213 1474 1287 Crobyli
1485 1215 1625 1272 Pseudoh.
1636 1235 1667 1290 a,
1678 1235 1708 1275 α.
1720 1242 1733 1267 ι

950 1302 977 1356 Ε
985 1303 1029 1356 Μ.
1039 1303 1128 1357 Versu
1142 1301 1175 1356 18
1186 1300 1252 1355 libri
1261 1300 1396 1374 asyndeto
1404 1302 1568 1377 importuno
1580 1304 1625 1362 οὐκ
1634 1301 1736 1384 ὄψεται.

952 1391 1055 1463 Scripsi
1073 1386 1136 1459 οὐδ’,
1157 1390 1303 1464 permixtis
1323 1388 1380 1446 det
1398 1412 1429 1461 κ,
1448 1403 1482 1447 ut
1509 1394 1588 1469 apud
1607 1396 1735 1454 Eustath.

952 1479 1054 1552 Odyss.
1078 1497 1108 1552 9,
1124 1478 1193 1553 348,
1205 1489 1259 1534 etc.
1275 1481 1309 1535 V.
1331 1497 1366 1552 19
1381 1476 1433 1548 Δί’,
1461 1478 1521 1536 ἀλλ’
1540 1477 1592 1550 ἐγὼ
1615 1483 1738 1557 epitome

953 1567 1066 1622 Hoesch.
1079 1567 1156 1623 Libri
1166 1568 1339 1641 antiquiores
1349 1563 1391 1623 δία
1402 1563 1479 1642 λέγοι.
1489 1568 1565 1626 lbid.
1579 1569 1646 1630 cod.
1658 1571 1680 1627 C
1691 1591 1737 1628 oo·

953 1656 1017 1733 φῶς.
1033 1658 1066 1714 V.
1090 1674 1124 1711 ar
1147 1656 1293 1730 legebatur
1312 1655 1379 1711 ποιῶ
1395 1652 1463 1732 γὰρ,
1480 1668 1511 1712 et
1532 1676 1560 1716 ν.
1586 1675 1739 1715 aurursus

953 1740 1094 1817 ἐμύάλλειν
1104 1743 1186 1811 ποιῶ,
1198 1761 1261 1816 quae
1271 1745 1333 1816 quis
1340 1744 1462 1817 probet?
1470 1745 1541 1802 πονῶ
1553 1747 1634 1819 quod
1642 1750 1737 1821 posui,

953 1832 1041 1906 paulo
1060 1832 1224 1886 insolentius
1239 1831 1346 1886 dietum
1360 1842 1419 1903 est,
1433 1831 1482 1887 sed
1496 1834 1631 1910 graviter,
1646 1854 1739 1908 neque
1761 1865 1763 1868 ·

953 1917 1093 1989 ejusmodi
1104 1918 1295 1993 peculiaribus
1309 1918 1473 1975 abstinuisse
1481 1921 1584 1976 scimus
1591 1922 1667 1979 bunc
1680 1923 1738 1979 No·

953 2017 1053 2066 strum.
1068 2006 1161 2062 Verba
1186 2000 1255 2061 ὥστε
1279 2001 1374 2069 τοὺς...
1389 2025 1478 2080 usque
1498 2007 1537 2062 ad
1550 2007 1644 2078 ἡδονῆς
1657 2029 1683 2064 r.
1702 2011 1738 2067 23

953 2096 1039 2150 etiarn
1053 2096 1084 2147 in
1096 2094 1298 2167 Asclepioelt‘de
1309 2095 1402 2166 posita
1416 2093 1533 2153 fucrant.
1555 2098 1589 2153 V.
1610 2104 1646 2162 al,
1661 2122 1675 2146 ι
1692 2108 1741 2154 aut

954 2178 1176 2259 ῖργασῖαςριο
1187 2178 1337 2251 σκευασίας,
1349 2179 1421 2237 auti
1429 2178 1570 2247 ιαθέσεις
1581 2202 1636 2258 pro
1646 2179 1740 2242 σκευά·

955 2289 1008 2333 σεις
1026 2269 1175 2344 legendum
1194 2270 1357 2344 suspicor.»
1375 2271 1463 2325 Mein.
1485 2270 1546 2344 Ego
1560 2289 1620 2326 non
1638 2271 1739 2330 dubito

955 2359 1027 2433 quin
1037 2356 1084 2415 ΑΙ.
1101 2357 1206 2413 dixerit
1220 2353 1430 2428 στοιύασίας,
1450 2363 1656 2433 recreationes,
1670 2363 1690 2419 i.
1712 2380 1738 2419 e.
1830 2433 1832 2438 .

954 2446 1058 2503 horrea
1070 2447 1256 2522 (παρεισίτω),
1268 2445 1344 2501 unde
1356 2447 1392 2520 is,
1406 2445 1487 2517 eujus
1495 2447 1556 2503 haec
1565 2461 1632 2505 sunt
1640 2450 1739 2520 verbe,

955 2536 1074 2610 sumpsit
1087 2535 1181 2590 edulia
1198 2552 1261 2607 quae
1280 2535 1465 2590 enumeravit.
1488 2534 1610 2590 Confusa
1623 2555 1641 2590 κ
1659 2545 1687 2592 et
1707 2556 1740 2604 τ,

957 2634 987 2678 ut
998 2624 1099 2696 Odyss.
1118 2641 1145 2692 1,
1157 2621 1208 2691 6ος
1221 2640 1251 2696 9,
1264 2620 1317 2691 843
1332 2623 1387 2698 βοι
1398 2643 1424 2691 υ,
1442 2621 1685 2695 quemadmodum
1696 2642 1741 2699 ap.

956 2708 1105 2785 Pollucem
1118 2728 1148 2780 7,
1164 2708 1199 2764 13
1212 2750 1219 2778 ,
1232 2704 1332 2784 νεύρίδι
1341 2726 1395 2781 pro
1408 2706 1526 2785 νευρίδας
1537 2710 1742 2766 restituendum

955 2814 1014 2853 esse
1035 2798 1107 2854 vidit
1131 2796 1274 2868 Bentlejus
1299 2797 1404 2871 Opusc.
1428 2797 1500 2873 phil.
1524 2816 1554 2872 p.
1577 2797 1646 2857 285.
1672 2800 1742 2856 Voei

958 2882 1043 2944 στοιύ.
1056 2887 1191 2943 convenit
1205 2880 1328 2942 δεικνύειν
1342 2903 1371 2942 ν.
1385 2884 1433 2944 ab.
1444 2888 1532 2941 Versu
1547 2884 1585 2942 ού
1601 2888 1743 2945 Pomonua

958 2969 1071 3050 δνθέλῃ.

1220 3058 1226 3070 .
1336 3071 1362 3110 2.

997 3164 1077 3220 Idem
1096 3164 1129 3233 8,
1142 3183 1173 3238 p.
1193 3163 1266 3231 340,
1283 3162 1307 3221 A
1324 3158 1406 3240 ιπερὶ
1418 3158 1446 3218 δὲ
1463 3164 1515 3220 ποῦ’
1528 3162 1738 3239 Καλλιμέδοντος

958 3255 1004 3308 τοῦ
1025 3249 1168 3329 Καράύου,
1193 3248 1268 3306 ὅτι...
1287 3239 1317 3319 ἦν
1332 3248 1378 3306 καὶ
1399 3246 1551 3328 διάστροφος
1571 3248 1630 3317 τοὺς
1644 3252 1741 3330 ὀφθαλ-

959 3338 1066 3416 μοὺς...
1078 3334 1136 3397 'Ab
1148 3339 1174 3395 ἐν
1187 3335 1312 3416 Κρατεύφ
1330 3334 1347 3407 ἢ
1367 3336 1597 3416 Φαρμακοπώλῃ,

1007 3481 1039 3524 α.
1052 3456 1104 3540 Τῷ
1118 3446 1351 3546 Καλλιμέδοντι
1360 3452 1416 3547 γὰρ
1425 3454 1576 3547 θεραπεύω
1586 3452 1642 3533 τὰς
1651 3457 1743 3549 κόρας

1009 3552 1069 3634 ἤδη
1085 3558 1232 3651 τετάρτην
1246 3561 1370 3652 ήμέραν.
1391 3564 1419 3644 β.
1437 3552 1519 3627 ῖῖσαν
1535 3560 1621 3653 κύρακ

1008 3668 1163 3759 θυγατέρες
1177 3669 1275 3752 αύτῷ,
1292 3692 1321 3731 α.
1339 3662 1404 3743 Τὰς
1426 3667 1479 3758 μὲν
1500 3663 1549 3733 οὖν
1564 3676 1625 3734 τῶν
1641 3666 1744 3759 ὀμμά-

1668 3801 1741 3860 των,

1008 3878 1042 3959 ἃς
1052 3875 1141 3947 οὐδ’ὁ
1153 3877 1360 3970 Μελάμπους,
1372 3878 1403 3956 ὃς
1411 3879 1499 3971 μύνος
1509 3879 1564 3956 τοῖς
1574 3873 1743 3970 Προιτίδας

961 3980 981 4053 5
1008 3987 1120 4051 ἔπαυσε
1135 3986 1328 4077 μαινομένας,
1339 3986 1555 4057 καταστήσειεν
1569 3981 1618 4051 άν.

961 4136 972 4162 ι
984 4113 1074 4185 Ipsius
1087 4111 1212 4167 Crateuae
1225 4111 1454 4184 pharmacopolae
1467 4110 1565 4168 rerba.
1580 4109 1666 4165 Ludit
1683 4129 1743 4165 arn·

961 4201 1046 4273 bigna
1059 4197 1265 4273 significatione
1281 4200 1359 4253 vocis
1371 4196 1446 4274 κόρη.
1465 4222 1476 4247 ν
1487 4199 1564 4255 ΕΜ.

1013 4361 1133 4419 convivae
1147 4376 1344 4433 nonnunquam
1357 4359 1453 4417 dentes

1014 4446 1119 4518 patellis
1132 4445 1255 4518 injiciant
1268 4461 1324 4518 prae
1338 4445 1486 4516 voluptate.

1013 4538 1118 4592 Horrea
1131 4542 1224 4592 antem
1234 4534 1360 4592 omnium
1370 4543 1399 4591 et
1410 4532 1506 4591 modos
1515 4532 1627 4606 parandi

960 4628 1006 4679 25·
1014 4622 1112 4678 borum
1125 4630 1302 4693 paratussnm
1313 4629 1476 4689 monstrare,
1487 4620 1593 4689 dicere,

1014 4708 1097 4780 gratis
1108 4707 1264 4781 precipere,
1274 4707 1297 4764 si
1309 4706 1370 4780 quis
1381 4708 1440 4765 vnit
1450 4707 1565 4765 discere.

1340 4852 1367 4900 2.

962 4980 988 5020 a.
1002 4960 1194 5020 Callimedonti
1209 4962 1283 5019 enim
1295 4962 1411 5035 pupillas
1422 4979 1490 5021 euro

961 5049 1018 5122 jam
1030 5055 1126 5121 quarto
1138 5048 1193 5105 die.
1208 5047 1238 5106 b.
1253 5047 1393 5106 Habuitne

964 5134 1055 5193 filias?
1064 5150 1090 5192 a.
1104 5134 1255 5211 Oculorum
1267 5134 1379 5208 quidem
1390 5137 1463 5208 κόρας
1476 5135 1553 5206 dieo,

965 5238 1079 5297 quasue
1092 5222 1246 5296 Melampus
1257 5223 1384 5297 quidem,
1399 5225 1447 5299 qui
1459 5225 1534 5284 solus
1544 5222 1694 5285 erendum

965 5310 1054 5367 linivit
1066 5309 1218 5380 insanium,
1233 5319 1349 5369 sanaret.
1686 5301 1689 5307 ’
