3917 5950
736 537 991 600 anmantuus,

152 677 269 768 γλαύκου
283 674 436 762 προτομή,
454 672 580 763 γόγγρου
592 676 706 760 κεφαλὴ
718 723 728 749 ,

112 780 128 849 5
151 780 289 870 βατράχου
301 781 426 869 γαστὴρ,
442 777 542 842 θύννου
552 776 695 862 λαγόνες,

151 879 261 969 βατίδος
275 892 381 965 νῶτον,
393 882 518 972 κέστρας
528 881 617 971 ὀσφὺς
630 929 638 963 ,

121 987 249 1076 ’ψήττας
263 986 384 1077 κίσγος,
401 985 519 1076 μαινὶς,
537 984 639 1077 καρὶς,

148 1094 262 1185 τρίγλη,
284 1092 383 1182 φυκίς·

147 1209 199 1265 τῶν
211 1201 349 1263 τοιούτων
366 1189 459 1288 μηδὲν
475 1198 605 1264 ἀπέστω.

90 1324 167 1377 litero
175 1320 234 1373 loco
247 1313 297 1374 :sd
308 1314 336 1373 δὲ
345 1313 420 1395 παρὰ
432 1323 486 1382 τοῖς
498 1314 703 1395 κωμῳδιοποιοῖς
716 1292 844 1393 λεγόμενα

88 1409 161 1467 isim
176 1404 276 1477 ἡδίστην
290 1402 372 1476 ἀκοὴν
390 1402 502 1484 ταρίχει
517 1412 570 1472 τοῖς
589 1403 639 1462 ὠσί
658 1406 759 1480 μᾶλλον
780 1401 844 1484 ἣτῇ

89 1497 193 1575 φάρυγγι·
204 1493 289 1573 ὥσπερ
304 1493 337 1551 τὰ
351 1492 417 1574 παρ’
436 1492 581 1571 Ἀντιφάνει
595 1490 643 1568 μὲν
660 1492 687 1549 ἐν
707 1491 843 1570 Ἀκεστρίᾳ

126 1583 183 1641 lvii
198 1581 320 1642 Κύκλωπί
333 1604 398 1662 φησι

93 1716 125 1759 ιο
145 1700 203 1758 Τῶν
215 1690 359 1782 χερσαίων
373 1683 403 1756 δ’
416 1694 487 1780 ύμῖν
501 1684 566 1765 ἥξει

144 1793 204 1887 παρ’
216 1800 285 1886 ἐμοῦ
298 1794 405 1863 ταυτί·

148 1906 210 1985 βοᾶς
223 1902 379 1993 ἀγελαῖος,
394 1899 503 1992 τράγος
515 1893 661 1975 ήλιύοίτας
675 1949 684 1977 ,

146 2004 189 2083 αἲξ
201 2006 330 2098 οὐρανία,
350 2006 432 2099 κριὸς
446 2004 590 2095 στομίας,

148 2112 242 2203 κίτρος
257 2109 420 2204 ἐκτομίας,
436 2108 468 2188 ὗς
483 2113 514 2174 ού
526 2109 652 2199 τομίας,

94 2213 125 2283 ι5
147 2212 266 2308 δελφαξ,
283 2210 461 2301 δασύπους,
478 2216 629 2310 ἔριφοι....

145 2326 218 2415 τορὸς
229 2325 368 2417 χλωρὸς,
383 2324 468 2417 τυρὸς
483 2322 588 2414 ξηρὸς,
624 2346 628 2357 ’

144 2430 218 2519 τορὸς
229 2430 356 2513 κυπτὸς,
369 2433 455 2520 τυρὸς
472 2424 577 2505 ξυστὸς
589 2478 598 2511 ,

143 2535 216 2624 τυρὸς
230 2537 368 2625 τμητὸς,
388 2534 471 2627 τορὸς
485 2534 610 2609 ττακτύς.

85 2644 193 2719 Cyclopis
201 2645 297 2716 rerba,
313 2646 497 2702 hauddubie
511 2643 726 2720 conjungenda,
740 2643 844 2717 quibus

85 2734 320 2807 pmtemarigantes
347 2734 474 2789 allexisse
494 2734 637 2809 putandus
656 2742 705 2788 est.
721 2734 809 2787 Versu
829 2751 840 2787 1

85 2822 233 2876 rcctellcin.
253 2821 326 2895 ύμῖν,
350 2832 386 2877 ut
407 2821 500 2877 codex
517 2823 557 2892 C,
572 2840 626 2896 pro
643 2818 716 2894 ἡμῖν.
735 2818 844 2875 Deinde
913 2860 920 2879 ι

84 2907 134 2960 libri
151 2905 260 2984 κεστρεὺς
280 2903 424 2983 ύμήττιος,
446 2908 526 2984 quod
556 2920 654 2986 aperte
675 2917 843 2982 corruptum

83 2994 215 3069 Schweigh.
230 3015 288 3051 non
305 2998 348 3053 ita
363 2998 437 3053 male
456 2996 586 3053 mutabat
604 2997 633 3050 in
652 2995 754 3067 νῆστις,
774 3011 843 3067 pro-

83 3080 457 3161 bantcliriurdtioobservp.
467 3085 747 3153 463.Maluittamen
756 3081 840 3137 Mein.

83 3170 178 3224 lomoni
189 3168 297 3245 ιμητὸς,
309 3191 373 3245 quo
385 3190 445 3227 non
457 3172 550 3227 minus
561 3169 721 3226 verosimile
731 3167 843 3222 videtur

79 3364 91 3395 τ
106 3345 195 3401 litteras
207 3347 353 3402 interdum
368 3345 498 3402 confusas
514 3365 573 3403 esse
590 3348 618 3401 in
633 3345 712 3400 libris
726 3353 842 3399 constet

80 3434 106 3489 λ’.
118 3451 131 3502 7
142 3444 186 3490 «et
194 3431 278 3508 κίσγος
287 3436 426 3492 vitiosum
438 3444 489 3505 est,
501 3443 529 3491 ct
539 3430 648 3514 ψήττας.
657 3430 844 3490 Scribendum

80 3520 171 3577 ridetur
182 3523 282 3600 ψῆττα,
296 3521 397 3602 ξίφισς,
410 3524 454 3579 vel
469 3520 563 3600 ξιφίας.
580 3521 699 3594 Hesych.
720 3518 817 3596 Ξιφίας
835 3537 843 3577 :

79 3604 217 3681 ἶςίλςτοιός.
230 3608 345 3687 Ξίρισςι
362 3607 468 3683 ὁμοίοις.
485 3608 680 3666 Archestratus
692 3606 795 3665 Athen.
815 3625 843 3676 7,

77 3711 102 3766 p.
116 3694 172 3764 3¹4,
183 3698 223 3753 E:

109 3798 167 3856 illi
176 3799 239 3859 λούὲ
253 3801 339 3882 ξιφίου
354 3799 489 3879 τίμαγος,
503 3799 645 3869 Βυζάντιον
657 3797 750 3858 titiis.

1615 558 1669 610 iil

887 671 999 725 enormi
1017 670 1228 742 magnitudine,
1244 690 1307 730 v.c.
1322 666 1448 742 ἢλίὸατον
1464 672 1544 732 κακὸν
1554 696 1602 753 ap.
1613 682 1671 735 Da-

887 775 1039 811 moxenum
1062 758 1216 831 Syntroplr.
1240 756 1293 828 τί,
1313 759 1360 815 sed
1380 756 1475 836 τρύγον
1489 773 1518 818 et
1549 759 1668 838 δέλφακα

888 846 984 900 nescio
996 863 1032 900 an
1047 846 1152 901 rectius
1165 847 1303 921 intelligas
1314 865 1417 922 aprum
1428 859 1457 905 et
1469 868 1547 906 suem
1558 852 1588 907 in
1598 870 1672 907 sum·

888 932 985 987 mitate
993 934 1135 987 montium
1144 942 1297 988 versantes.
1307 934 1402 991 Schol.
1411 938 1511 994 Venet.
1524 938 1608 996 Iliad.
1626 944 1672 1015 15,

889 1016 960 1093 273,
971 1019 1105 1076 laudante
1115 1019 1262 1076 Lobeclrio
1273 1021 1395 1096 Paralip.
1407 1041 1526 1097 gramm.
1541 1043 1566 1095 1,
1574 1044 1604 1100 p.
1616 1025 1671 1084 80:

888 1101 1013 1181 αίγογρος
1025 1108 1077 1163 τῶν
1088 1103 1283 1177 ἧλιθοιτούντων
1295 1107 1361 1165 ίστί.
1374 1113 1476 1168 Versus
1494 1111 1541 1182 13,
1560 1119 1605 1184 ιλ,
1623 1115 1672 1170 16-
1779 1166 1780 1170 ,

892 1193 927 1249 18
945 1194 1028 1250 affert
1047 1192 1172 1253 Eustath.
1188 1213 1221 1269 p.
1241 1193 1334 1271 1524,
1358 1196 1393 1253 13
1415 1215 1423 1255 ε
1450 1198 1672 1273 δμοιοκατσιληξία

888 1276 916 1336 di
939 1278 1100 1358 παιγνιώδης
1121 1279 1167 1339 κοιλ
1187 1280 1217 1337 τὸ
1237 1280 1332 1361 τυρὸς
1353 1283 1493 1363 χλωρὸς,
1514 1284 1605 1366 τυρὸς
1620 1284 1672 1360 ίη-

889 1363 997 1445 ρὸς,...
1011 1365 1089 1427 ίτιδί
1106 1366 1192 1427 καὶτὸ
1205 1364 1342 1449 αἲξούρ,
1360 1370 1562 1449 κριὸςτομίοις
1580 1375 1671 1453 (sic),

888 1452 1015 1533 κύπρος
1040 1457 1122 1529 ixa,
1133 1447 1167 1521 ύς
1180 1457 1212 1514 οὗ
1226 1478 1298 1532 τομ.
1313 1461 1356 1515 De
1370 1478 1457 1533 capra
1470 1461 1575 1517 coelesti
1587 1482 1673 1536 quam
1698 1468 1701 1477 '

889 1545 1001 1600 comico
1021 1545 1119 1619 lepore
1131 1545 1251 1617 reliquis
1271 1546 1435 1617 immiscuit,
1455 1567 1484 1604 ν.
1509 1549 1546 1604 ad
1568 1549 1673 1606 Cratini

889 1629 1027 1688 Cirirones
1039 1652 1073 1688 ar
1086 1633 1191 1709 (Quam
1202 1643 1297 1689 tamen
1308 1635 1391 1690 simul
1404 1637 1531 1710 proprie,
1543 1641 1673 1710 quamvis

888 1737 941 1793 per
951 1717 1088 1795 figuram,
1099 1720 1206 1776 dictam
1215 1730 1300 1795 putes
1311 1724 1368 1777 alte
1381 1725 1583 1780 ascendentem.
1593 1726 1671 1782 Libri

888 1803 990 1879 τομίας,
996 1808 1068 1863 male
1075 1826 1128 1881 pro
1136 1803 1283 1881 στομίας,
1295 1808 1359 1866 duri
1367 1810 1527 1883 oris,icrus,
1538 1831 1652 1889 pugnax
1663 1834 1670 1870 :

889 1912 918 1951 r.
936 1893 1054 1951 Aristot.
1072 1898 1109 1951 Η.
1121 1894 1209 1965 Α,6,
1227 1914 1301 1969 ιγυ.
1322 1898 1425 1973 Both.)
1444 1902 1476 1958 V,
1493 1901 1527 1957 15
1543 1904 1672 1959 lacunam

888 1980 1025 2037 indicavit
1046 1982 1178 2040 Dindori.
1200 1982 1271 2039 Eam
1292 1987 1405 2061 expleas
1427 2005 1498 2044 voce
1519 1986 1672 2067 τροφίαι,

889 2084 976 2140 quam
991 2069 1074 2125 facile
1085 2069 1261 2144 neglexerint
1272 2083 1336 2146 post
1351 2073 1470 2130 similem
1487 2072 1569 2153 ἔριφοι
1585 2097 1590 2130 :
1607 2088 1673 2151 apte

889 2155 962 2208 cuim
978 2151 1061 2232 ἔριφοι
1068 2153 1171 2233 τροφίαι
1183 2169 1371 2233 opponuntur
1379 2153 1421 2234 βοῒ
1430 2159 1555 2239 ἄγιλαίῳ.
1567 2163 1670 2237 Both.)

890 2242 981 2296 Verba
1006 2239 1081 2318 τυρὸς
1105 2239 1199 2308 amat<
1223 2255 1252 2300 et
1277 2265 1303 2301 τ.
1329 2242 1426 2321 τμητὸς
1452 2250 1566 2322 respicit
1595 2251 1671 2310 Eust.

888 2346 919 2403 p·
931 2327 1001 2401 ὅγε,
1020 2340 1120 2401 11,et
1132 2350 1162 2406 p.
1185 2350 1270 2402 1001,
1287 2330 1335 2391 51.
1352 2335 1452 2392 »EM.

1269 2436 1295 2498 3.

923 2544 1033 2607 ,Pollux
1047 2565 1079 2621 9,
1094 2545 1132 2602 88
1147 2567 1155 2603 ι
1172 2545 1234 2625 παρ’
1249 2545 1392 2627 Ἀντιφσίνει
1407 2548 1433 2605 ίν
1448 2549 1485 2628 τῷ
1501 2549 1630 2608 Κύκλωπι

937 2692 986 2703 -
1001 2654 1218 2746 Κίρμοιγσίρτι
1231 2655 1383 2748 τυγγοίνω.

889 2775 971 2831 ldem
985 2794 1012 2846 7,
1033 2794 1087 2846 17⁰
1101 2794 1108 2830 τ
1122 2771 1244 2852 κίρμοιτα
1256 2771 1283 2832 ii
1295 2776 1400 2833 πολλῶν
1411 2776 1589 2848 πληθυντικῶς
1602 2780 1673 2859 cipu-

888 2882 982 2932 κοτων,
995 2860 1101 2940 κίρμα
1115 2863 1205 2927 ἑνικῶς
1212 2857 1309 2940 Ἄμφις
1320 2859 1423 2940 εἴρηκεν
1436 2863 1463 2919 ίν
1476 2862 1672 2945 Ἀμπελουργῷ,

888 2946 934 3006 καὶ
949 2950 1018 3010 Ἀντ.
1041 2948 1181 3010 Κύκλωπι.
1197 2952 1312 3008 Dictum
1333 2948 1420 3029 κίρμα
1439 2973 1465 3008 τι
1482 2950 1604 3031 τυγγσίνω
1617 2974 1672 3030 pro

888 3039 1038 3095 usitatiore
1051 3037 1180 3116 κίρμοιτός
1190 3059 1257 3103 τινος
1267 3060 1307 3107 τ.,
1322 3050 1354 3095 ut
1368 3039 1452 3098 Iliad.
1468 3045 1495 3111 l,
1511 3040 1565 3097 105
1579 3059 1587 3098 τ
1601 3040 1672 3119 αἰγὸς

889 3123 994 3203 ἀγρίου,
1016 3123 1088 3186 ὃν
1111 3125 1242 3203 τυχήσας,
1264 3138 1334 3202 etc.‚
1356 3127 1406 3182 ubi
1428 3127 1516 3185 schol.
1532 3127 1670 3206 ἐπιτυχών.

83 3256 231 3313 {nomentum
250 3256 354 3332 ἂμαλότ
378 3278 467 3333 quum
487 3280 504 3313 ιι
518 3269 547 3314 et
563 3279 591 3331 ν,
608 3258 771 3332 pariterque
785 3254 801 3309 λ
815 3266 844 3310 et
888 3212 1183 3378 ξὲξῑοϋῑαῗῖφω
1201 3234 1208 3269 ²
1225 3210 1313 3292 τυχὼν
1328 3211 1425 3274 πάντα·
1440 3217 1585 3290 P⁰¹i²0¹¹¹⁸
1597 3217 1672 3277 Μθυ·

928 3411 997 3490 ἱερὸν
1010 3409 1061 3492 γὰρ
1073 3411 1101 3471 ὂν
1118 3410 1264 3490 τετύχηκοις
1277 3411 1403 3491 ίττακρίου
1418 3411 1489 3478 Διύς.

889 3527 1045 3586 lileiuelsius
1057 3536 1152 3586 tamen
1165 3523 1254 3584 λούὼν
1264 3527 1400 3584 excidisse
1411 3539 1501 3602 putat.

1103 3682 1236 3744 lxxvi.
1262 3680 1454 3741 ΚΩΡΥΚΟΣ.

933 3849 944 3870 ι
962 3823 1077 3879 Certum
1086 3833 1141 3891 est,
1152 3821 1235 3895 hujus
1243 3820 1378 3877 dramatis
1389 3821 1500 3876 titulum
1510 3840 1568 3876 non
1574 3842 1672 3895 peream

77 3907 147 3962 l'trsu
161 3909 272 3967 racnd.
287 3913 323 3969 L.
341 3906 483 3978 ύλιύοίτης,
499 3910 544 3964 PV
559 3902 846 3980 ὓλιύσίτος,(ἒὺληύοί-
889 3907 1061 3984 significare,
1089 3909 1139 3966 sed
1162 3906 1292 3986 κώρυκον,
1319 3909 1370 3982 qui
1397 3905 1491 3986 κυρίως
1515 3909 1674 3984 appellatur

77 4012 121 4054 tat.
149 3996 316 4071 Suspicabat-
344 3999 415 4053 olim
436 3994 581 4075 ύψιύιίτας,
606 3996 657 4051 sed
680 4013 778 4051 rerum
803 4010 844 4054 est
892 3997 934 4070 (ν.
951 3996 987 4054 ir.
1005 3996 1040 4066 3,
1056 4016 1115 4052 non
1135 3995 1270 4072 neglectis
1291 4007 1387 4052 tamen
1405 4014 1469 4069 quae
1485 3995 1616 4052 dicentur
1634 3998 1671 4056 sr.

77 4079 233 4142 hauddubie
250 4085 399 4157 ἠλιύιίτας,
415 4087 494 4160 quod
507 4087 623 4161 reposui
641 4103 675 4140 ex
696 4086 843 4143 Eustathio
871 4105 872 4108 ’
890 4079 1143 4160 Μνημοίτωνίὶηυγς
1158 4084 1335 4141 illudentem
1351 4085 1491 4138 incertum
1506 4095 1563 4158 est,
1578 4094 1672 4138 utrum

75 4168 103 4221 ad
113 4173 187 4228 llom.
200 4192 230 4246 p.
248 4173 342 4244 1753,
362 4192 400 4229 aa
416 4191 423 4231 :
441 4170 514 4250 παρὰ
527 4171 555 4229 δὲ
570 4169 712 4250 Ἀντιφάνει
730 4163 843 4230 ἐταινῶν
889 4172 903 4228 δ
916 4169 1011 4249 κυρίως
1024 4168 1139 4249 κώρυκος
1153 4172 1351 4247 intelligendus
1364 4173 1399 4228 sit
1409 4171 1670 4242 sollisatlrletanim‚

76 4244 281 4338 οἶγτίΚύκλωψ
304 4258 379 4336 λέγει
402 4258 556 4337 οὐρανίαν
571 4248 650 4336 αἶγα
672 4261 699 4317 ἐν
716 4261 754 4337 τῷ
769 4262 843 4337 βοῦς
890 4260 925 4316 de
936 4280 996 4334 quo
1006 4267 1136 4319 accurate
1146 4260 1482 4335 exposituminlllatthaei
1492 4260 1568 4318 Med.
1583 4260 1671 4318 Graec.
1764 4331 1771 4342 ρ

74 4343 232 4417 ἀγελαῖος,
254 4352 383 4426 ταῦρος
399 4348 457 4422 (sic
467 4392 475 4418 ‚
486 4358 518 4403 ut
536 4349 620 4405 etiam
639 4349 704 4406 cod.
721 4349 842 4405 CAtlre·
888 4368 918 4423 p.
935 4357 1002 4420 rai,
1012 4349 1474 4423 seq.,.anvirinomenproprium.
1486 4372 1497 4396 ν
1510 4349 1535 4400 Ε
1545 4349 1587 4401 Μ.
1600 4349 1671 4405 llist.

74 4430 135 4507 ¹¹25)
148 4432 337 4506 ἠλιύοίτας,
356 4431 412 4500 αἲξ
424 4433 650 4512 οὖροινία,κτλ.
665 4435 708 4494 Cf.
719 4438 843 4492 Anaxilae
889 4437 954 4492 crit,
970 4437 1050 4493 Com.
1067 4453 1098 4510 p.
1123 4433 1190 4494 338.
1210 4433 1270 4491 Viri
1290 4435 1408 4510 quidem
1428 4452 1532 4490 nomen
1547 4430 1672 4512 Κώρυκος

71 4521 133 4578 tire.
150 4541 174 4592 r,
186 4541 214 4578 a.
225 4521 375 4582 Ἡλίύσιτον
388 4523 494 4579 dicitur
509 4523 631 4597 quodvis
647 4525 746 4598 ingens
759 4535 844 4598 atque
888 4524 966 4580 haud
979 4524 1118 4595 innotuit,
1132 4524 1183 4579 sed
1194 4523 1404 4592 montislcniae,
1415 4522 1495 4577 urbis
1502 4523 1672 4594 Pamphyliae

942 4705 1024 4763 capra
1034 4690 1168 4758 aculeatis,
1179 4690 1249 4746 aries
1259 4704 1378 4762 pugnax,

942 4794 1008 4850 aper
1022 4785 1171 4843 castratus,
1182 4791 1229 4835 sua
1240 4793 1297 4833 non
1309 4786 1454 4847 castratus,

114 4688 196 4759 glauci
208 4707 253 4776 cs,
267 4692 367 4765 congri
378 4698 475 4764 aput,

85 4780 100 4826 t
116 4791 184 4832 ranae
197 4780 387 4846 ventriculus,
402 4780 498 4852 thynni
513 4780 612 4846 litem,

114 4859 164 4917 bati
174 4869 301 4935 tergum,
314 4872 411 4921 cestrae
422 4878 506 4930 cora,

113 4946 256 5017 rhombus,
271 4949 398 5023 xiphias,
414 4965 518 5018 mana,
533 4948 649 5022 squilla,

114 5033 339 5109 airammum

112 5119 202 5176 talium
215 5122 287 5178 nihil
303 5121 384 5179 desit.

70 5209 97 5255 tc
111 5207 355 5281 terrestriumque
366 5209 441 5267 vobis
453 5213 561 5267 venient

111 5306 124 5344 a
138 5307 180 5347 me
192 5292 288 5349 lraeece
302 5312 310 5348 z

110 5375 155 5431 bos
167 5378 303 5450 gregalis,
316 5380 409 5439 hircus
423 5383 611 5454 montiingus.

892 4867 925 4918 lt
943 4863 1088 4934 pecculus,
1101 4864 1193 4937 lepus,
1205 4862 1279 4920 lroedi
1294 4862 1434 4930 (altiles),
1526 4911 1532 4926 „

943 4966 1037 5008 casem
1050 4967 1159 5020 recens,
1169 4967 1263 5008 caseus
1273 4950 1382 5019 aridus,

943 5052 1038 5094 caseus
1050 5046 1196 5103 contusus,
1207 5053 1301 5094 caseus
1313 5052 1406 5102 rasus,

866 5108 869 5124 ⁸
942 5140 1038 5181 caseus
1053 5124 1203 5186 dissectus,
1219 5141 1314 5183 caseus
1328 5134 1481 5184 curreretus.

1271 5249 1295 5298 3.

867 5362 869 5370 ’
893 5350 921 5401 lu
937 5344 1041 5401 aurumi
1055 5344 1158 5416 aliquid
1172 5343 1263 5401 mcidi.
