3917 5950
793 495 1063 559 THEOPOMPUS.

113 620 185 700 μάνη,
197 625 227 683 ἓν
238 628 346 705 χιτῶνι
356 628 484 708 κροκωτῷ
494 619 573 698 οὖσα,
587 623 718 703 ἐπέδραμε
733 622 791 699 μυί.
803 621 906 700 μίμνη-

113 712 264 788 τοιταθτης
282 717 357 797 Στρ.

498 831 543 873 1².

155 930 274 1002 ldem5,
289 930 343 1001 35,
353 927 502 1007 Ὁσιινίψ
516 928 546 984 ἐν
558 924 671 1006 χώραε
686 926 728 985 ἐπὶ
743 926 794 983 τῶν
807 922 909 1003 ταχέως

127 1016 333 1096 μιταπηδώντων
355 1020 372 1087 ᾖ
399 1014 529 1094 παροιμία
543 1013 659 1093 εἴρηται.
676 1013 754 1094 σκνίψ
779 1011 830 1092 γάρ
856 1013 912 1069 ἔστι

127 1107 231 1185 θηρίδιον
244 1104 411 1183 ξυλοφάγον,
430 1103 483 1160 άπὸ
497 1101 577 1160 τόπου
593 1105 628 1169 είς
646 1099 725 1160 τόπον
740 1101 910 1178 μεταπηδῶν.

128 1197 138 1272 J
153 1198 240 1253 Cales
257 1197 341 1252 Gazae
355 1213 404 1269 ap.
420 1192 556 1264 Aristot.J
576 1188 709 1267 μέμνηται
729 1187 828 1258 ταάιης
846 1187 912 1263 Στρ.

85 1309 88 1313 ’
128 1286 232 1341 Eodem
244 1302 328 1339 sensu
344 1282 464 1337 Photius
481 1298 514 1354 p.
536 1278 607 1354 522,
623 1275 659 1337 ‘0
672 1275 754 1355 σκνίψ
769 1276 799 1332 ἐκ
812 1271 913 1353 χώρας.

126 1374 204 1431 Idem
215 1383 256 1430 est
266 1368 340 1450 κνίψ.

495 1464 539 1520 ι3.

166 1573 473 1652 8ιιίι1ιιε,Δυσόμοια
492 1593 500 1630 ε
516 1572 638 1650 ἀνόμοια.
655 1573 719 1648 Στρ.

499 1695 545 1756 ι4.

166 1795 250 1856 Idem
267 1805 427 1872 etgramm.
442 1795 562 1851 Belleri
577 1814 608 1870 p.
623 1802 693 1863 401,
714 1788 914 1865 sibdisque·

125 1882 222 1955 θήσω
237 1905 245 1943 ι
261 1883 318 1941 ἀντὶ
331 1888 376 1941 τοῦ
391 1880 560 1959 ιίπιλογόσω.
576 1883 642 1961 Στρ.

503 1987 548 2045 15.

171 2115 276 2172 Pollux
286 2132 312 2185 n,
325 2114 377 2179 ι84
394 2109 461 2172 :aad
472 2107 630 2187 λιοπότιυγοι
645 2108 751 2187 (dehis
762 2130 790 2171 v.
803 2111 841 2167 ad
855 2109 918 2168 Pla·

125 2205 209 2259 tonis
232 2205 336 2259 lucent.
361 2201 410 2279 α),
431 2188 511 2280 ἐ9’ᾧ
534 2197 653 2276 μάλιστα
674 2197 803 2270 Ἀθηναῖοι
822 2220 919 2277 mpp-

126 2292 253 2349 δοῦνται.
276 2288 324 2359 τὴν
347 2288 374 2347 δὲ
397 2286 480 2354 οὕτως
502 2285 615 2367 ἔχουσαν
641 2287 656 2345 δ
664 2285 829 2367 ιάτραμιν
852 2289 918 2365 Στρ.

124 2376 264 2454 ὠνόμασε.
288 2379 409 2453 Hesych.
432 2374 601 2457 Διάτραμιςι
623 2372 768 2454 διιρρωγὼς
791 2373 836 2432 τδν
855 2374 921 2451 τρά-

127 2489 194 2542 μιν,
205 2464 250 2524 τὸν
268 2465 322 2524 σἰπδ
342 2463 438 2544 όσχέου
450 2463 494 2524 ἐπί
507 2463 541 2523 sd
555 2463 630 2543 1σχία
652 2465 746 2524 τόπον.
759 2465 920 2520 scribamus

127 2556 212 2632 διερρ.
229 2551 278 2623 τὴν
295 2550 404 2633 τράμιν,
418 2550 468 2625 τὴν
482 2551 535 2611 airh
549 2554 574 2613 ό.
589 2551 634 2611 ἐπὶ
646 2550 680 2609 τδ
695 2554 726 2630 1.,
743 2551 836 2609 deleto
848 2553 921 2628 glos·

128 2656 237 2702 semate
245 2642 336 2704 τόπον.

509 2732 554 2788 ι6.

172 2843 256 2899 Idem
267 2842 297 2912 3,
314 2860 350 2914 27
366 2858 375 2900 t
389 2840 545 2916 ὀνομάζεται
560 2809 588 2897 δδ
600 2837 648 2897 καί
659 2836 732 2918 παρδ
748 2836 893 2915 Στράττιδι
905 2839 922 2907 ί,

128 2930 313 3011 πρόγονος.
329 2931 449 2989 Bellen
460 2930 551 2989 edidit
564 2931 580 3001 ἡ
591 2925 772 3008 προγονός,
785 2936 921 3002 oxytone.

505 3061 552 3113 17·

174 3157 257 3213 Idem
272 3153 302 3226 6,
319 3153 374 3212 156
396 3173 403 3209 τ
421 3153 488 3231 Στρ.
505 3150 566 3221 τοὺς
578 3149 708 3226 ὁμήλικας
725 3150 827 3243 ι’ίρηιιιν
845 3152 924 3225 θμο·

130 3242 284 3323 πτίρουε.

513 3337 560 3398 ι8.

177 3461 297 3516 Photius
313 3478 344 3536 p.
358 3461 428 3535 609,
449 3479 497 3535 ιι,
514 3459 646 3538 Τρίῶγις
664 3478 670 3514 2
687 3457 764 3537 θηρία
776 3456 810 3515 τὰ
827 3460 853 3516 ἐν
874 3465 926 3524 τοῖς

133 3545 266 3625 ὀσπρίοις.
278 3544 349 3605 οὕτω
361 3548 429 3625 Στρ.

508 3680 555 3735 ¹9·

176 3773 256 3829 ldem
268 3792 299 3849 p.
313 3779 384 3848 αι4,
402 3772 440 3843 3,
454 3771 713 3848 Λιλεπασμίνον
726 3790 733 3832 :
748 3772 926 3849 πεπεμμένον·

138 3858 207 3918 οὕτω
220 3862 288 3940 Στρ.
304 3863 433 3936 Hesych.
448 3859 650 3937 Ᾱιλιπασμίνον
668 3883 675 3917 :
703 3863 738 3927 εἷς
756 3861 835 3941 πίψιν
853 3852 927 3933 ἧκον.

136 3973 150 3999 ι
161 3952 261 4027 Itaque
274 3948 400 4018 λεπάζιιν
411 3949 500 4021 idem,
516 3951 596 4026 quod
607 3947 736 4009 πόπτιινί
748 3952 791 4007 Μ.

513 4076 561 4112 20.

176 4173 298 4231 Antiatt.
314 4190 348 4247 p.
366 4167 418 4238 85,
433 4187 461 4240 7,
478 4166 600 4235 Βιδάζιιν
616 4186 624 4228 :
643 4167 674 4227 τὸ
687 4168 798 4249 όχιθειν.
811 4168 930 4234 Ἀλκαῖος

133 4258 159 4319 δ’
178 4261 205 4319 όν
229 4258 387 4319 Καλλιστοῖ
405 4254 447 4313 ἐπ’
466 4256 602 4337 ἀνθρώπου
619 4254 680 4337 ίρη.
696 4257 792 4335 βαίνων
817 4258 851 4333 (ι
862 4258 929 4314 sort.

131 4346 242 4425 βαίνειν.
256 4374 269 4400 ν
282 4346 349 4423 Μ.)
366 4342 529 4402 latratos.
541 4343 653 4415 ἐκδῆσαι
668 4345 769 4425 δέραισι
781 4344 833 4402 δεῖν
846 4343 931 4421 λέγειν

127 4436 175 4494 καί
188 4435 364 4506 καταὸῆσαι,
376 4432 427 4490 οθιι
439 4428 580 4490 ἐνιὸιθάοαι
598 4431 660 4509 (καί
672 4430 851 4491 necaonem:
865 4453 931 4509 sup·

124 4527 269 4604 piendum
284 4542 351 4583 esse
362 4521 440 4580 vidit
453 4517 574 4580 hleinell.
586 4521 608 4598 J.
625 4519 764 4601 Στράττις,
783 4558 786 4563 -

1283 644 1405 704 xxvlt.

1187 793 1507 862 THEOPOMPUS.

1000 957 1250 1030 «Theopompus,
1277 956 1471 1029 Atheniensis,
1493 955 1572 1029 apud
1603 959 1742 1015 Zonaram

955 1064 987 1120 p.
1000 1063 1066 1115 nro,
1078 1053 1107 1099 et
1117 1046 1148 1098 in
1159 1042 1307 1098 codicibus
1314 1045 1419 1117 passim
1429 1044 1550 1118 scriptus
1559 1041 1743 1120 Θιόπτμπτος,

957 1151 1054 1189 errore
1066 1133 1152 1188 etiam
1166 1133 1197 1186 in
1208 1131 1336 1188 historici
1347 1133 1464 1188 nomine
1484 1134 1551 1188 satis
1565 1133 1664 1193 obvio.
1680 1137 1744 1191 Sui-

958 1220 1031 1279 das:
1051 1218 1221 1292 Θιόπομπος,
1243 1217 1390 1277 Θεοδέκτου
1406 1217 1424 1290 ἢ
1439 1217 1588 1297 Θεοδώρου,
1600 1219 1743 1292 Ἀθηναῖος,

958 1305 1091 1382 κωμικὸς,
1110 1304 1209 1374 ἐδίδαξε
1231 1304 1354 1385 δράματα
1373 1305 1423 1365 κδ’.
1447 1308 1503 1366 ἐστί
1523 1306 1550 1365 δὲ
1568 1311 1615 1380 τῆς
1634 1309 1746 1389 ἀρχαίας

960 1391 1102 1475 κωμῳδίας
1117 1396 1176 1452 κατ’
1192 1392 1389 1472 Ἀριστοφάνην.
1408 1392 1530 1473 δράματα
1543 1395 1571 1452 dl
1588 1398 1668 1456 αὐτοῦ
1693 1400 1745 1458 εἰσὶ

964 1480 1056 1558 (ἐστι)
1076 1479 1122 1539 καί
1141 1477 1209 1539 ἄλλα
1222 1480 1321 1544 πολλά.
1339 1484 1432 1540 Verba
1449 1480 1467 1553 ἢ
1488 1481 1627 1564 Θιοδιθρυι
1651 1491 1746 1545 omisit

961 1570 1090 1627 Eudocia
1098 1590 1130 1646 p.
1140 1571 1209 1630 232.
1220 1572 1369 1628 Fabricius
1375 1573 1507 1631 Bihl.Gr.
1518 1590 1545 1643 ο,
1555 1593 1584 1649 p.
1598 1572 1665 1648 501,
1676 1579 1746 1633 The·

961 1659 1084 1716 odorum
1092 1661 1164 1716 dicit
1172 1662 1331 1736 Tragicurn
1347 1663 1474 1735 cogitans
1485 1661 1746 1722 fortassedeTheo·

961 1745 1055 1820 doro,
1077 1747 1231 1804 Alexandri
1247 1749 1357 1804 Pheraei
1368 1748 1468 1821 aequali
1489 1749 1532 1824 (v.
1550 1752 1636 1825 Diog.
1648 1754 1745 1812 Lacrt.

961 1852 992 1903 ο,
1007 1833 1051 1909 8),
1067 1835 1118 1907 qui
1131 1834 1311 1910 Theopompi
1329 1846 1411 1910 pater
1426 1854 1484 1891 esse
1499 1855 1559 1892 non
1567 1839 1673 1912 potnit.
1689 1842 1747 1897 Nec

961 1920 999 1977 de
1012 1922 1173 1978 Theodecte
1198 1935 1273 1978 certa
1297 1941 1342 1979 res
1365 1934 1423 1999 est,
1440 1934 1467 1980 et
1489 1944 1544 1999 pro
1562 1944 1597 1981 eo
1622 1929 1747 1986 Tisame-

962 2028 1031 2064 num
1042 2011 1171 2066 nominat
1181 2011 1307 2066 AElianus
1318 2012 1347 2066 in
1360 2030 1447 2086 opere
1456 2014 1499 2090 De
1507 2012 1689 2086 providentia
1700 2035 1746 2090 ap.

965 2095 1081 2152 Suidam
1103 2098 1124 2152 1.
1149 2116 1176 2154 c.
1209 2098 1262 2154 Hie
1282 2097 1399 2170 quidem
1427 2099 1508 2172 qnod
1530 2100 1749 2176 Theopompum
1786 2144 1790 2151 .

964 2185 1159 2259 Aristophanis
1182 2185 1318 2257 aequalem
1332 2184 1419 2254 dicit,
1434 2187 1546 2242 sanein
1566 2187 1694 2245 dramate
1708 2191 1751 2244 in·

963 2274 1070 2347 scripto
1100 2270 1213 2342 Παῑδις,
1230 2273 1308 2347 apud
1330 2272 1420 2329 schol.
1449 2276 1553 2330 Avium
1580 2273 1665 2346 1568,
1685 2296 1751 2352 per·

963 2361 1078 2416 strinxit
1096 2359 1290 2435 Laespodiam,
1311 2379 1396 2434 quem
1411 2362 1535 2417 maxime
1550 2363 1658 2437 olymp.
1675 2385 1710 2441 91
1723 2378 1752 2421 ct

965 2445 1171 2522 92(416-411
1200 2458 1265 2502 ante
1287 2447 1356 2505 Chr.
1387 2447 1465 2523 nat.J
1491 2450 1655 2507 inclaruisse
1678 2472 1751 2507 con-

964 2545 1043 2591 stato
1054 2535 1143 2591 Thuc.
1154 2534 1184 2604 6,
1201 2533 1268 2603 ιο5,
1280 2543 1307 2590 et
1319 2534 1347 2604 8,
1361 2533 1409 2595 86.
1424 2536 1513 2612 Magis
1524 2548 1617 2594 tamen
1627 2549 1752 2596 extrema

965 2624 1074 2678 Comici
1091 2634 1220 2696 tempora
1234 2634 1372 2697 spectasse
1385 2623 1511 2694 suidam,
1527 2645 1616 2700 quum
1631 2628 1752 2684 aliisae-

967 2712 1107 2785 gumentis
1122 2712 1304 2786 intelligitur,
1314 2721 1376 2766 tum
1394 2711 1425 2768 id
1439 2712 1569 2769 indicant
1582 2713 1751 2786 dramatum,

968 2817 1030 2871 quae
1044 2797 1096 2855 Th.
1114 2797 1227 2866 docuit,
1243 2799 1318 2853 tituli
1332 2816 1464 2873 magnam
1476 2811 1586 2874 partem
1601 2801 1751 2872 ejusmodi,
1871 2873 1874 2880 .

970 2898 1004 2942 ιιι
1025 2889 1121 2962 potius
1136 2887 1236 2943 mediae
1257 2907 1341 2960 quam
1363 2890 1466 2944 veteris
1488 2889 1634 2945 comoediae
1654 2891 1755 2948 fabulis

969 2978 1123 3031 convenire
1133 2976 1294 3033 videantur.
1308 2978 1347 3032 Ex
1362 2977 1419 3032 hoc
1429 2992 1534 3053 genere
1543 2988 1585 3033 est
1593 2978 1665 3034 illud
1674 2981 1754 3053 qnod

969 3064 1000 3118 in
1013 3059 1157 3141 Ἡδυχάρει
1178 3064 1301 3119 Plutonis
1319 3063 1482 3138 philosophi
1498 3064 1667 3122 Phaedonem
1681 3067 1755 3123 ridet

969 3150 1047 3225 apud
1057 3149 1150 3225 mog.
1162 3153 1257 3206 Laert.
1276 3150 1305 3219 3,
1321 3151 1368 3220 26,
1380 3162 1409 3206 et
1421 3153 1452 3206 in
1466 3153 1574 3207 Nemeo
1584 3153 1687 3211 Athen.
1708 3173 1754 3225 ιι,

970 3266 999 3321 p.
1016 3252 1088 3318 470,
1104 3247 1140 3319 F,
1152 3247 1259 3300 mentio
1270 3246 1483 3301 Thericleornm
1498 3248 1680 3321 poculorum,
1693 3268 1756 3322 qnae

970 3333 1103 3390 amediae
1117 3332 1231 3389 demum
1253 3332 1399 3388 comoediae
1417 3335 1508 3406 poetis
1529 3350 1757 3389 comrnemoran-
1820 3344 1827 3359 ¹

971 3431 1028 3477 tur.
1042 3422 1153 3495 Immo,
1168 3421 1220 3476 nisi
1233 3439 1349 3494 prorsus
1358 3420 1429 3475 fallit
1441 3422 1596 3491 sententia,
1614 3422 1667 3477 Th.
1682 3425 1758 3479 ultra

972 3511 1080 3584 olymp.
1103 3528 1158 3565 roo
1178 3508 1189 3583 (
1199 3509 1330 3583 379-376
1354 3520 1421 3565 ante
1440 3509 1506 3567 Chr.
1516 3509 1597 3586 nat.)
1611 3511 1715 3566 vixisse
1729 3523 1758 3567 et
1828 3529 1831 3536 ¹

971 3600 1080 3656 fabulas
1106 3598 1235 3655 docuisse
1252 3599 1407 3654 censendus
1419 3610 1461 3654 est
1479 3618 1486 3653 ι
1510 3617 1538 3653 ν.
1552 3617 1619 3657 ann.
1642 3599 1679 3654 ad
1693 3600 1758 3667 tlt,-

973 3686 1029 3745 δον.
1043 3711 1055 3736 ι
1069 3688 1095 3743 Ε
1107 3688 1152 3745 Μ.
1168 3685 1284 3745 Fabulae
1296 3684 1488 3761 septendecim
1501 3684 1692 3762 Theopompo
1706 3689 1758 3743 tri·

972 3783 1102 3839 buuntnr
1122 3783 1158 3838 ab
1172 3785 1326 3856 Anonymo
1345 3785 1387 3837 lle
1402 3800 1477 3841 com.
1494 3801 1524 3857 p.
1539 3802 1621 3853 xv113
1643 3785 1758 3840 aSuida

974 3890 1043 3926 vero
1053 3881 1081 3927 et
1091 3870 1231 3944 Eudocin,
1242 3880 1379 3943 quattuor
1389 3881 1417 3926 et
1428 3871 1540 3945 viginti.
1550 3871 1655 3946 Viginti
1665 3871 1755 3927 modo

975 3960 1072 4015 titulos
1089 3960 1197 4015 invenit
1215 3958 1347 4028 hleinek,
1365 3958 1453 4013 doctu
1478 3960 1544 4014 crisi
1563 3959 1599 4015 dc
1618 3961 1652 4014 iis
1669 3959 1756 4015 disse·

975 4064 1037 4101 rens
1052 4047 1127 4104 Hist.
1146 4064 1189 4102 cr.
1203 4045 1284 4101 Corn.
1300 4063 1331 4119 p.
1349 4043 1494 4111 238-244.

1246 4180 1268 4239 l.
1292 4180 1484 4240 ΑΔΜΗἸῸΣ.

1017 4314 1120 4370 Athen.
1140 4310 1186 4382 15,
1203 4331 1235 4387 p.
1252 4311 1329 4387 690,
1346 4315 1370 4367 A
1389 4331 1394 4365 :
1411 4307 1568 4384 μνημονεύει
1579 4307 1607 4366 δὲ
1620 4311 1665 4366 τοῦ
1680 4331 1760 4385 μυρο-

978 4400 1068 4458 πώλου
1099 4396 1205 4470 τοθτου,
1221 4400 1266 4454 τοῦ
1282 4396 1419 4473 Πέρωνος,
1433 4397 1478 4454 καὶ
1492 4397 1649 4471 Θεόπομπος
1666 4398 1691 4453 ἐν
1706 4393 1760 4456 ’A-

978 4494 1055 4569 μήτῳ
1069 4484 1114 4545 καὶ
1127 4483 1270 4564 Ἡδυχάρει
1286 4485 1339 4560 (fr.
1354 4495 1369 4553 4
1382 4490 1402 4558 J.
1424 4489 1615 4542 «DePcrone
1632 4504 1761 4561 unguen-

918 4642 923 4651 ·
979 4578 1052 4632 tario
1075 4574 1112 4633 ef.
1137 4573 1346 4629 Anaxandcidis
1370 4575 1475 4630 Protes.
1500 4593 1526 4629 n.
1552 4573 1591 4629 Ex
1612 4576 1764 4629 serioribus

978 4665 1066 4740 igitur
1080 4673 1171 4737 poetae
1185 4660 1287 4716 sabulis
1304 4661 1387 4716 fuerit
1400 4661 1546 4718 Admetus.
1559 4664 1603 4715 De
1616 4663 1671 4716 alio
1687 4663 1763 4737 scag-

978 4763 1094 4818 mento,
1119 4749 1199 4823 quod
1220 4750 1276 4804 hnc
1300 4750 1474 4823 retulerunt,
1500 4769 1530 4803 ν.
1556 4768 1621 4807 ειιιιι.
1647 4750 1684 4807 ad
1703 4752 1762 4810 fab.

979 4843 1080 4896 incert.
1093 4841 1121 4895 6.
1136 4863 1148 4887 ν
1168 4838 1244 4892 EM.

1262 4980 1299 5039 ll·
1321 4980 1476 5039 AAOAlA.

1026 5138 1037 5163 ι.
1053 5114 1086 5167 In
1097 5112 1152 5166 hoc
1165 5110 1291 5165 dramate
1305 5110 1365 5165 risit
1378 5110 1534 5183 Telestcur,
1549 5119 1663 5183 poetam
1673 5109 1767 5184 dithy-

965 5194 1155 5266 ιτειιιιθίοιιιιι,
1170 5198 1220 5270 qui
1242 5194 1338 5252 floruit
1363 5196 1470 5270 olymp.
1488 5195 1525 5271 95
1548 5196 1622 5271 (399
1646 5228 1683 5239 -
1708 5198 1765 5271 396

983 5297 1048 5342 onte
1061 5287 1126 5343 Chr.
1150 5282 1248 5357 nat),
1276 5294 1342 5340 teste
1363 5284 1494 5339 Diodoro
1517 5284 1613 5339 Siculo
1634 5288 1680 5351 ι4,
1701 5287 1762 5348 46.·

936 5432 939 5439 ,
983 5373 1106 5448 ἤκμασαν
1122 5370 1148 5428 δὲ
1163 5368 1231 5427 κατθι
1246 5372 1334 5427 τοῦτον
1349 5368 1392 5429 riv
1406 5367 1521 5429 ἐνιαυτὸν
1540 5371 1563 5426 οί
1578 5365 1765 5443 ἐπισημότατοι
