3917 5950
246 469 304 519 488

623 593 652 652 8.

766 462 902 523 MElllAE
923 462 1127 525 COMOElilAE
1148 466 1355 543 REllQUlAE.

1080 597 1157 655 hecae
1178 619 1238 676 reg.
1259 603 1350 659 Berol.
1370 628 1381 651 ν
1407 603 1517 680 Mela.)
1538 619 1569 660 ut
1584 608 1759 682 Amphiaraus
1774 612 1861 687 (cod.

281 705 383 764 Amen·
405 713 434 775 [Ν
454 723 486 779 p·
504 704 573 778 153,
592 709 614 766 B
636 703 723 763 ,0133
741 705 1035 786 μὴνρντωςρρωρωθ
1083 689 1161 745 Dies.
1184 689 1348 763 Araphiam.
1364 692 1443 749 Fort.
1459 694 1603 768 Amphias
1618 717 1629 748 ι
1650 718 1678 752 ν.
1696 702 1725 753 in
1736 705 1867 776 prolego-
1944 726 1945 729 ¹

241 793 307 847 libri
319 792 343 847 ol
355 788 383 847 ll
395 790 432 865 μὴ
447 789 539 856 οὕτως.
553 794 595 850 Cl.
615 793 647 867 a)
670 790 767 851 daucos
784 794 853 852 used
878 794 921 852 τὸν
933 792 1032 874 'Appia

1079 778 1168 831 menis
1186 777 1221 833 de
1239 778 1294 832 hoc
1304 779 1403 852 poeta)
1421 784 1626 856 tragoediarum
1636 792 1756 861 scriptor
1766 789 1864 860 refert.

246 880 332 951 (dixit
351 882 427 953 enipi
447 882 496 938 ille
518 880 596 937 haud
611 881 698 937 dubie
713 902 720 937 ι
738 884 766 938 οἱ
781 879 812 939 ll
828 881 893 957 μὴν
906 880 1035 948 Ὄντως
1080 865 1171 935 Quum
1182 867 1339 922 'minibus
1353 870 1444 924 “³²²oe
1463 875 1653 946 &linquerent
1668 878 1768 946 Imm,
1792 888 1865 934 ⁶¹1⁸·

240 965 375 1037 ἄσωτοι,
393 970 469 1043 etc.)

288 1080 407 1147 llivouo’
426 1080 552 1156 tutam<
566 1082 678 1172 ἡμέρας
694 1072 736 1146 δι’
754 1084 883 1174 ἡμέρας,

1077 971 1122 1006 sus
1135 968 1176 1010 est
1189 958 1297 1030 legatus
1311 954 1396 1011 Canis
1406 959 1448 1012 ad
1454 955 1466 978 '
1481 961 1628 1031 Boiorum,
1652 985 1738 1038 quam
1751 982 1781 1023 ut
1796 973 1868 1025 nida

1079 1037 1132 1115 [eo
1154 1038 1291 1122 tenpore]
1321 1052 1510 1119 termestivam
1537 1069 1613 1119 esse,
1641 1055 1787 1112 adamarit
1812 1060 1865 1130 (ita

1078 1131 1142 1185 cod.
1163 1133 1231 1186 Diez
1246 1176 1253 1201 ,
1266 1150 1360 1206 neque
1378 1133 1550 1193 addubitatis
1562 1140 1656 1196 verbis
1675 1164 1709 1200 ea
1730 1159 1862 1221 tempore.

239 1206 411 1280 διασειόμενοι
422 1206 481 1273 τοὺς
495 1205 637 1287 κροτάφους
650 1205 701 1265 liud
715 1211 760 1266 τοῦ
773 1208 896 1286 ἀκράτου.
912 1212 958 1266 Sic
971 1213 1032 1286 pri·
1077 1218 1169 1293 Vulgo
1182 1222 1259 1275 vidit
1271 1233 1394 1295 tempore
1407 1231 1565 1298 tempestivo
1577 1230 1691 1305 adam.)
1705 1242 1865 1310 :quiqam

240 1316 303 1351 mus
322 1298 455 1369 Cnsaub.;
480 1299 575 1372 inepte
591 1297 676 1355 codd.
700 1296 741 1353 δύ’
761 1300 812 1371 ἦρι.
828 1323 841 1348 ι
855 1300 1028 1374 Hermippus
1069 1304 1330 1382 mmmmm,
1342 1330 1394 1365 nec
1403 1311 1581 1385 magistus,
1594 1315 1727 1398 [ΜΨ]
1737 1330 1865 1399 ami„

239 1382 326 1455 Ἀθην.
342 1387 429 1461 γοναῖς
440 1387 476 1445 fr.
495 1406 507 1443 ι
528 1383 580 1443 ιθι’
592 1383 692 1464 ἡμέρας
711 1386 840 1464 ὁσημέραι
856 1388 1027 1467 τροχάζων.»

238 1477 264 1530 E
277 1478 320 1532 M.

622 1609 651 1663 9.

278 1705 405 1761 Stobseus
418 1703 517 1760 Floril.
535 1722 584 1773 27,
600 1710 616 1769 l
629 1742 638 1775 ,
651 1719 717 1758 cum
731 1702 863 1758 lemmate
876 1698 1015 1778 Ἀμριδος.

286 1836 383 1920 ὅστις
400 1841 457 1936 γὰρ
471 1846 609 1934 ὀμνύοντι
627 1834 724 1934 μηθὲν
739 1842 896 1919 πείθεται,

286 1950 375 2026 αὐτὸς
395 1951 541 2040 ἐπιορκεῖν
555 1940 666 2038 palia<
681 1945 854 2014 ἐπίσταται.

238 2132 250 2157 ν
265 2107 356 2164 Iidem
370 2125 466 2165 versus
475 2108 610 2184 leguntur
619 2104 699 2184 apud
712 2105 866 2162 Maximum
879 2105 962 2167 Conl.
977 2105 1026 2178 85,

237 2225 267 2280 p.
286 2213 352 2273 ill.
370 2208 418 2261 »E
432 2207 476 2265 M.

609 2338 655 2377 10.

278 2429 323 2484 lb.
342 2429 391 2499 33,
408 2431 437 2503 6,
449 2448 513 2484 cum
524 2429 627 2485 eodem
640 2430 781 2484 lemmate.-

286 2547 350 2610 Οιίκ
363 2543 427 2610 ἐστὶ
443 2547 583 2634 κρεῖττον
599 2552 653 2608 τοῦ
668 2547 786 2607 σιωπᾶν
799 2533 868 2605 οὐδὲ
883 2543 925 2609 lv.

611 2687 656 2723 11.

276 2780 406 2854 Hyginus
418 2780 534 2838 Astron.
552 2795 589 2847 a,
609 2796 619 2832 ι
644 2793 652 2835 t
671 2789 702 2832 at
714 2783 756 2832 ait
768 2777 903 2850 Aaipliis,
924 2797 1024 2833 eomoe·

235 2869 473 2941 ‹liansmscriptor,
483 2869 506 2923 J
504 2872 620 2940 uppiter,
626 2867 774 2920 simulatus
780 2866 904 2941 effigiem
913 2868 1024 2938 Dianae,

234 2977 320 3030 qirum
331 2961 472 3029 virginem
486 2953 632 3035 (Callisto)
647 2966 799 3009 venientem
807 2995 817 3022 ,
831 2966 861 3009 at
874 2955 1019 3026 arls'utans,

233 3057 451 3120 persequeretur,
467 3055 591 3099 amotam
605 3062 624 3097 a
638 3056 785 3116 conspectu
807 3045 930 3098 aliarum
946 3063 1023 3098 conr-

234 3137 347 3209 pressit;
370 3151 436 3205 qum
450 3144 550 3204 rugata
569 3150 589 3185 a
604 3133 711 3198 Diana,
738 3134 805 3204 quid
820 3137 848 3186 ei
864 3134 1022 3202 accidisset,

234 3221 309 3292 quod
324 3233 382 3275 tam
395 3220 499 3295 grandi
513 3232 590 3274 utero
608 3221 757 3286 vitiaretur,
774 3220 850 3272 illias
863 3232 980 3293 peccato
994 3223 1027 3275 iel

234 3313 353 3362 euenisse
366 3310 463 3364 elicit:
479 3313 572 3381 itaque
586 3293 717 3383 [propter
730 3313 791 3378 ejus
802 3305 977 3383 responsum]
993 3314 1022 3363 in

234 3396 453 3468 quamfiguram
463 3414 549 3469 supra
562 3396 685 3464 elicimus
700 3413 762 3449 eam
777 3396 870 3448 Diana
885 3401 1022 3453 convertit.

235 3483 330 3539 Schol.
349 3484 510 3540 Germanici
528 3487 608 3540 Atat.
625 3501 655 3557 p.
672 3482 709 3538 38
721 3481 768 3539 ed.
782 3483 864 3540 Buhl.
880 3499 888 3540 ε
904 3482 1024 3556 Amphis

235 3582 347 3640 autem,
367 3576 488 3626 comicus
503 3583 605 3644 poeta,
631 3567 733 3641 refert,
757 3571 858 3626 Iouem
874 3576 903 3624 in
918 3572 1024 3627 Diaaoe

235 3656 360 3732 effigiem
379 3659 606 3731 tranfiguratum
625 3664 655 3712 in
670 3664 820 3713 venatione
839 3658 955 3714 Callisto
971 3679 1024 3733 op-

232 3751 364 3820 pressisse
369 3764 378 3814 ;
401 3758 524 3820 tempore
538 3758 638 3820 partus
648 3748 736 3819 plena
757 3765 840 3818 qrtum
857 3759 1018 3816 venaretur,

235 3836 460 3910 Dianoeculpam
471 3836 623 3900 indicasse,
634 3841 770 3888 miratam
780 3836 903 3889 Dianam
913 3834 1021 3912 (deam,

236 3923 351 3998 opinor,
363 3923 433 3979 dixit
443 3921 531 3978 schol.
542 3953 552 3990 ,
564 3921 675 3976 librarii
690 3922 838 3989 deamam,
852 3920 919 3994 etc.)
935 3928 963 3976 in
975 3944 1022 3977 ar·

235 4029 296 4065 sam
310 4009 405 4085 (eam)
417 4010 639 4084 transfigurasse.
654 4010 820 4084 suspicatur
830 4010 951 4065 llleinelx.
962 4012 1022 4067 haec

234 4100 323 4172 petita
337 4117 395 4154 esse
411 4117 446 4153 ex
462 4097 558 4152 labala
578 4091 721 4153 Kalleneis
738 4097 887 4170 inscripta,
904 4116 962 4170 quo
985 4100 1022 4154 ti-

235 4188 296 4241 tulo
311 4188 395 4242 ctiam
406 4187 515 4243 Alcaeus
524 4185 693 4241 comoediam
703 4184 811 4242 docuit.
823 4185 865 4242 Cl.
880 4187 1019 4260 Apollod.

236 4275 265 4348 3,
282 4274 309 4344 8,
326 4286 378 4332 etc.

606 4406 651 4444 12.

274 4501 352 4556 ldem
377 4501 465 4558 schol.
485 4501 646 4557 Germanici
667 4520 696 4575 p.
726 4501 763 4557 60
778 4517 785 4557 ε
802 4504 934 4574 luppiter
954 4520 1020 4554 asem

236 4591 348 4663 ιιιιὶρσιη
362 4594 391 4643 in
404 4591 526 4664 lapidem
542 4594 688 4662 convertit,
709 4602 737 4643 et
754 4608 852 4644 canem
869 4594 953 4642 astris
976 4594 1020 4642 in-

235 4681 312 4744 tulit,
335 4688 415 4749 cujm
436 4691 549 4733 emortus·
566 4684 645 4751 origo
665 4676 680 4704 ⁴¹
696 4684 851 4733 continetur
866 4679 919 4731 tali
934 4674 1017 4748 (fort.

233 4773 415 4823 concinnatur
431 4771 513 4835 talis,
530 4782 560 4823 ut
575 4780 629 4823 etc.
650 4792 661 4815 ι
678 4768 768 4822 Verba
781 4773 859 4838 cujus
873 4785 920 4825 er.
938 4773 1021 4838 origo

234 4869 304 4912 cont.
330 4857 383 4909 tali
405 4869 435 4909 ut
456 4856 553 4911 addidi
574 4875 607 4911 ex
632 4855 731 4911 codice
756 4857 889 4910 Dicziano
909 4847 1019 4908 biblio-

238 4970 640 4985 ...ιι--ι--ῄ-ω-.--ν-
663 4970 731 4977 un..
757 4973 774 4976 ..
792 4972 850 4978 ⁴⁶..

610 5031 637 5079 8.

234 5111 336 5168 Biliunt
346 5109 469 5185 quotidie
484 5126 531 5182 per
545 5119 633 5167 totum
648 5109 729 5168 diem.

287 5205 290 5212 .
615 5205 642 5254 9·

232 5292 283 5361 Qui
299 5288 370 5345 enim
381 5287 483 5360 juranti
497 5285 564 5341 nihil
578 5284 679 5350 credit,

858 4970 1113 4978 ‚..—....—.-—
1145 4971 1338 4978 ffl-c——ffl
1354 4969 1468 4980 ..ἡ-Α.-
1481 4973 1573 4981 Ὰ-ῃέ,

1076 1396 1215 1452 urebatur.
1229 1411 1261 1453 at
1273 1400 1399 1454 homines
1409 1402 1575 1457 calamitate
1593 1422 1709 1482 accepta
1722 1413 1792 1467 deos
1812 1415 1864 1467 aa.

1070 1489 1179 1554 jutores
1196 1491 1224 1541 ei
1244 1492 1371 1543 invocare
1390 1504 1533 1563 caeperunt
1554 1491 1612 1568 (ita
1635 1498 1724 1556 Mein.
1741 1501 1863 1557 eundem

1075 1572 1141 1631 cod.
1154 1587 1281 1646 secutus,
1292 1578 1347 1633 nisi
1362 1579 1441 1650 quod
1449 1580 1472 1634 is
1483 1580 1570 1639 habet
1579 1586 1622 1639 ad
1630 1607 1685 1662 pro
1694 1602 1735 1646 at.
1748 1594 1862 1665 Vulgo:

1074 1663 1322 1724 ruebaturcalam.
1345 1684 1406 1721 acc.
1429 1669 1495 1722 deos
1509 1675 1571 1742 adj.
1596 1680 1652 1730 ina.
1667 1680 1776 1752 coepit).
1798 1692 1864 1735 tane

1076 1757 1179 1826 Aquilo
1202 1761 1279 1811 misit
1294 1757 1373 1828 filios
1391 1776 1455 1812 suos
1477 1761 1677 1830 adolescentes,
1699 1768 1717 1795 ⁸
1740 1767 1863 1839 Operam

1076 1842 1150 1896 Cani
1165 1846 1323 1913 anderenm
1339 1850 1399 1919 ipsc
1409 1846 1486 1917 flatu
1496 1867 1547 1904 sno
1562 1851 1646 1907 Canr's
1659 1857 1788 1910 ardorem
1811 1877 1863 1921 se·

1072 1931 1161 1994 datia,
1182 1939 1231 2004 qai
1241 1933 1333 2004 stanes
1349 1940 1491 1989 uetesiae·
1506 1938 1616 1998 dicitur.
1634 1965 1647 1990 ι
1665 1943 1698 1996 ln
1717 1943 1761 1998 his
1772 1964 1862 2018 quum

1072 2018 1125 2074 alia
1135 2032 1270 2096 corrupta
1284 2034 1364 2090 sunt,
1380 2033 1439 2077 tum
1451 2027 1573 2081 maxime
1584 2029 1672 2084 verba
1682 2032 1818 2086 Doloram
1831 2047 1859 2089 et

1074 2106 1207 2180 Operam,
1221 2128 1345 2182 quorum
1355 2112 1384 2165 in
1392 2111 1486 2167 locum
1498 2115 1622 2187 Operam
1632 2119 1856 2178 substituendum

1072 2196 1212 2255 existimo.
1229 2201 1357 2279 Oporam
1371 2219 1439 2259 vero
1458 2204 1599 2276 aptissime
1613 2225 1630 2262 a
1645 2208 1721 2264 Sirio
1741 2223 1860 2267 amatam

1072 2281 1155 2358 tingi,
1181 2298 1285 2361 praeter
1307 2292 1473 2344 sententiam
1497 2293 1550 2346 toti
1572 2293 1674 2352 fabulae
1687 2298 1859 2372 subjectam,
1944 2311 1945 2314 ’

1072 2374 1158 2431 docet
1180 2380 1330 2435 etesiarum
1356 2385 1606 2455 commemoratio,
1636 2406 1762 2460 quorum
1780 2390 1861 2447 flatus

1071 2476 1172 2520 exorto
1192 2468 1266 2523 Sirio
1285 2467 1380 2542 rapidi
1402 2470 1468 2524 solis
1501 2471 1618 2529 ardores
1638 2474 1806 2551 deligebat,
1831 2489 1860 2533 ut

1072 2557 1218 2609 auctumni
1230 2556 1338 2612 tructus
1350 2555 1474 2633 (ὀπώρα)
1485 2572 1718 2621 maturescerent.
1735 2567 1859 2622 Fortasse

1071 2644 1153 2697 ctiam
1175 2643 1293 2719 tabula,
1307 2664 1341 2701 ex
1362 2664 1417 2720 qua
1430 2647 1478 2702 illa
1490 2647 1618 2704 derivata
1632 2663 1716 2725 sunt,
1736 2656 1858 2727 Oporam

1071 2728 1184 2785 titulum
1199 2731 1305 2787 lecerat
1319 2744 1418 2806 poeta,
1437 2752 1497 2807 quo
1510 2735 1605 2792 indice
1617 2738 1746 2796 Alexidis
1763 2742 1858 2798 drama
1944 2756 1945 2759 ’

1070 2816 1223 2889 serebatur,
1238 2820 1318 2892 quod
1335 2840 1423 2896 quum
1434 2823 1537 2881 Athen.
1554 2825 1582 2878 in
1596 2825 1630 2880 iis
1641 2829 1794 2885 comoediis
1801 2849 1858 2885 me·

1069 2908 1242 2980 moraverit,
1253 2927 1315 2982 quae
1325 2926 1340 2963 a
1352 2911 1548 2967 meretricibus
1557 2931 1665 2969 nomen
1677 2931 1856 2992 acceperunt,

1068 2995 1205 3069 suspicari
1226 2996 1308 3066 licet,
1325 3016 1389 3052 eum
1411 2999 1440 3053 id
1455 2999 1551 3055 secisse
1565 3014 1740 3076 propterea,
1758 3010 1856 3079 quiais

1068 3082 1200 3138 Comicus
1212 3085 1366 3159 nympham
1381 3085 1508 3160 Oporam
1522 3092 1681 3146 meretricis
1693 3091 1795 3149 habitu
1813 3098 1853 3149 in·

1069 3169 1166 3226 datam
1188 3171 1382 3245 produxerat,
1404 3184 1436 3228 ut
1460 3176 1665 3250 Aristophanes
1690 3182 1809 3237 eandem
1828 3196 1853 3238 et

1067 3258 1234 3330 Theoriam,
1256 3261 1335 3315 Pacis
1354 3264 1469 3317 comites
1490 3280 1498 3320 ε
1517 3282 1546 3321 v.
1569 3264 1662 3325 schol.
1686 3264 1767 3324 Pacis
1788 3271 1850 3340 705,

1068 3346 1144 3416 842,
1159 3347 1232 3422 849,
1248 3358 1278 3402 et
1300 3348 1337 3404 de
1359 3349 1457 3424 Opora
1472 3351 1656 3408 Welckernm
1679 3357 1709 3409 in
1723 3358 1798 3413 libro
1811 3360 1850 3412 in·

1066 3435 1173 3508 scripto
1191 3434 1396 3508 Zeitsclrristj.
1412 3438 1511 3493 Gescli.
1526 3459 1553 3497 u.
1566 3444 1735 3517 Auslcgrmg
1745 3447 1795 3500 der
1808 3450 1847 3502 nl·

1067 3533 1112 3576 tea
1126 3523 1230 3593 Καινοῖ,
1247 3524 1304 3579 vol.
1322 3543 1396 3599 r,p.
1410 3523 1467 3581 500
1477 3545 1557 3601 seqq.
1576 3551 1587 3576 ι
1605 3529 1634 3583 E
1647 3532 1691 3585 M.

1435 3637 1480 3696 13.

1108 3744 1209 3802 Pollux
1222 3765 1255 3821 a,
1272 3746 1308 3803 33
1326 3767 1333 3802 :
1348 3748 1574 3825 παρααόμους
1595 3750 1625 3809 δὲ
1641 3752 1701 3818 τοὺς
1718 3757 1843 3830 κομῶντας

1067 3827 1162 3910 Ἄμφις
1176 3830 1307 3912 εἶρηκενθ
1326 3834 1451 3909 κωμικός.
1476 3839 1523 3895 Sic
1546 3841 1623 3896 enim
1646 3842 1706 3899 laec
1728 3862 1761 3900 ex
1781 3846 1839 3900 cod

1068 3923 1153 3978 Paris.
1166 3924 1308 3998 supplevit
1322 3924 1442 3983 Bellen.

1438 4045 1482 4104 ¹4·

1107 4145 1185 4200 Idem
1204 4144 1233 4213 3,
1259 4145 1323 4203 36:
1349 4146 1394 4202 καὶ
1415 4146 1640 4226 θιαπαρθὲνια
1663 4148 1690 4207 δὲ
1710 4152 1790 4228 δῶρα
1807 4151 1835 4206 ιθ

1066 4232 1131 4311 ὑπὲρ
1146 4237 1190 4289 τοῦ
1204 4230 1252 4302 τὴν
1266 4233 1406 4312 παρθενίαν
1423 4234 1564 4312 ἀφελέσθαι
1578 4238 1713 4313 ὠνόμασεν
1725 4239 1807 4316 'lippe
1821 4243 1836 4295 ὁ

1065 4320 1188 4394 κωμικός.
1196 4324 1237 4377 lta
1249 4325 1474 4396 langermannns
1482 4325 1661 4397 conjecerat,
1677 4329 1760 4384 edidit
1770 4329 1833 4383 Bel-

1065 4410 1127 4467 ker.
1142 4410 1233 4469 Codd.
1247 4411 1344 4467 Falclr.
1361 4413 1454 4469 lluhn.
1468 4413 1582 4489 ἀμφίας,
1597 4417 1661 4473 Par.
1679 4415 1756 4491 ἁγίας.

1575 4970 1824 4984 ,-...-....---

1062 5050 1118 5122 ipse
1128 5048 1247 5120 pejerare
1257 5045 1336 5102 lacile
1350 5046 1437 5103 callet.

1436 5159 1477 5206 10.

1064 5257 1135 5314 Nihil
1148 5254 1268 5312 ninnium
1289 5254 1375 5325 patius
1386 5263 1426 5310 est
1438 5254 1555 5310 silentio.
