3917 5950
299 496 310 544 ί
319 495 355 546 80

344 615 447 711 Πάτερ
459 615 496 690 ἦν
515 618 551 683 rh
569 619 689 711 τάριχος
707 618 870 714 &pipeti
888 613 1078 714 Γαδειρικόν,

294 772 307 794 ι
323 747 494 804 Salsamenta
506 744 632 821 Phrygia
645 757 674 803 et
686 747 826 805 Gaditana
838 748 1080 826 conjungitetiam

294 836 395 890 Pollux
415 834 444 904 6,
458 833 510 904 483
524 834 560 891 de
572 835 718 892 Gaditanis
728 847 832 910 praeter
847 838 1038 913 Antiphanem
1053 849 1080 894 et

217 963 225 978 .
294 923 486 979 Nicostratum
498 924 601 981 Athen.
621 922 651 996 3,
666 944 696 1000 p.
714 926 780 991 uu,
795 929 836 998 D,
852 945 880 984 v,
897 929 1079 1003 Hippocratis

293 1010 373 1153 lothm
398 1011 476 1085 apud
494 1013 625 1068 Foesium
641 1013 751 1069 OEcom
775 1015 914 1089 Hippocr.
931 1034 960 1089 p.
976 1016 1044 1075 61².
1062 1040 1075 1069 ν

293 1100 319 1153 E
367 1138 373 1152 .

661 1240 707 1299 αθ.

332 1363 412 1422 ldem
422 1383 450 1423 v.
462 1362 618 1437 Θεσσαλία,
628 1384 658 1442 p.
670 1364 726 1444 394
739 1385 746 1422 ι
760 1363 864 1441 λέγιται
875 1364 903 1424 tl
914 1366 1078 1440 Θιτταλίζω,

292 1461 327 1526 ὥς
337 1449 1078 1545 Διυρίζω.όρόἶτδἘντιθιτταλίαμιθαπαρδτῷ

294 1546 384 1606 Ε-δι
394 1548 420 1604 ἐν
434 1548 487 1620 Μ.,
497 1546 616 1606 τουτίοτι
625 1548 752 1627 χλαμύδα
759 1548 926 1621 Θιτταλικὴν
938 1556 1078 1631 ροροῦμιν,

293 1633 487 1703 ήΘιτταλυιδν
504 1634 610 1716 πτερόν.
626 1639 729 1695 Pollux
745 1658 773 1711 7,
796 1638 833 1705 46
848 1659 855 1694 ε
870 1639 916 1697 καλ
930 1641 1077 1699 ίντιθιτ·

293 1721 484 1798 ταλίομιθα
498 1721 588 1800 ίλιχον
603 1722 634 1782 τδ
645 1724 907 1803 χλαμυδοφοροῧμιν.

662 1863 711 1924 α5.

330 2005 448 2076 Suidns,
464 2003 752 2085 Ἀμροριαρόρους
774 2026 781 2066 :
803 2005 862 2074 τοὺς
886 1955 1002 2084 μιαθίους
1019 2006 1078 2075 τοίις

291 2090 324 2149 τό
338 2091 453 2172 κιρόμια
464 2092 635 2173 piparas...
647 2093 683 2153 E.
698 2096 737 2154 M.

340 2209 540 2299 Παριιίλθοριεν
558 2206 610 2272 καὶ
625 2213 718 2298 φῦλον
734 2208 979 2303 οἱμρορεαρόρυν.

291 2334 371 2391 Libri
395 2336 427 2393 li.
447 2335 559 2414 Μαρικᾷ
575 2332 621 2391 καὶ
636 2335 705 2413 Πιρ.
729 2336 780 2392 ubi
794 2334 840 2394 καλ
860 2338 959 2394 inutile
977 2349 1076 2395 uatum

292 2423 377 2479 fuerit
394 2424 585 2502 evicino-xd.
601 2425 675 2479 Tum
689 2423 776 2481 iidem
795 2420 868 2501 ρίλον
881 2423 923 2504 (A
942 2426 1009 2483 cod.
1027 2425 1077 2505 ρύ-

290 2509 350 2585 λον)
361 2507 480 2589 όμρορία
493 2507 589 2589 ρίριυν.
603 2512 735 2568 Correxit
746 2512 831 2571 Piess.
843 2512 879 2569 ad
889 2514 972 2571 Μαι.
984 2534 1014 2590 p.
1026 2515 1075 2574 62.

288 2599 420 2655 Ceterum
434 2599 472 2656 cf.
486 2600 589 2655 lncert
605 2595 634 2666 5,
648 2599 677 2656 6.

514 2779 596 2837 xttl.
620 2778 849 2838 Notttttttntt.

329 2941 535 3012 Argumentum
546 2935 691 3011 Aristoph.
700 2934 940 2993 Acharnensium:
951 2932 1075 3014 ἐδιδάχθη

290 3024 331 3082 ίπ’
347 3021 504 3099 Εὐθυδήμου
523 3021 540 3079 d
556 3044 647 3100 χοντος
665 3022 691 3078 ἐν
705 3020 830 3092 Ληναίοις
848 3020 892 3078 lat
908 3022 1075 3103 Καλλιττροί·

289 3135 351 3185 του,
363 3110 409 3170 καί
419 3114 521 3191 πρῶτος
531 3044 574 3181 dv.
590 3108 708 3189 δεύτερος
720 3109 850 3188 Κρατῖνος
862 3109 1074 3187 Χειμαζομὲνοις.

287 3201 317 3258 οὐ
330 3199 451 3268 σώζεται.
463 3197 546 3280 τρίτος
560 3199 595 3258 Ε.
612 3194 786 3271 Νουμηνίαις.
802 3222 815 3248 α
829 3200 863 3253 ln
873 3199 918 3254 his
930 3200 1076 3274 Elmslejus

288 3296 374 3351 Auct.
391 3291 429 3347 ad
444 3290 569 3348 Acheru.
590 3308 619 3364 p.
644 3286 698 3344 113
714 3287 805 3343 verba
826 3286 856 3343 οδ
876 3285 989 3354 σώζεται
1009 3300 1074 3362 post

287 3379 374 3453 Νουμ.
390 3376 849 3455 tranuponendaessesuspicatur,
861 3387 894 3432 ut
904 3394 998 3451 neque
1007 3378 1073 3434 Cra·

288 3470 340 3523 tini
365 3487 457 3541 neque
472 3464 622 3541 Eupolidis
640 3465 737 3521 drama
756 3483 901 3542 superesse
920 3466 1071 3524 indicetur.

287 3558 397 3613 Titulus
410 3556 499 3628 Νουμ.
516 3555 631 3611 videtur
640 3564 769 3628 spectare
783 3554 820 3610 ad
831 3572 911 3610 sacra
920 3555 1071 3624 novilunii,

288 3645 322 3702 de
335 3643 438 3719 quibus
449 3641 628 3716 Porphyrius
645 3644 688 3696 De
702 3641 804 3696 obstin.
823 3659 850 3711 s,
862 3661 893 3716 p.
914 3661 969 3716 ¹²9
983 3660 990 3700 :
1005 3639 1074 3698 θύειν

288 3735 314 3790 ἐν
333 3731 386 3797 τοῖς
401 3728 564 3811 προσήκουσι
583 3726 684 3807 χρόνοις
706 3725 776 3786 κατδι
794 3730 865 3804 μῆνα
888 3726 998 3787 ἕκαστον
1017 3728 1074 3795 ταῖς

287 3818 440 3898 νουμηνίαις
463 3819 639 3896 στιφανοῦντα
657 3813 703 3873 καί
720 3814 892 3895 ραιδριίνοντα
906 3814 949 3873 τδν
967 3815 1072 3895 Ἑρμῆν

287 3906 333 3965 καὶ
347 3905 395 3977 τήν
410 3904 528 3975 Ἑκάτην
543 3901 588 3961 καί
607 3900 641 3959 τό
659 3903 740 3960 λοιπδ
754 3905 806 3961 τῶν
819 3905 907 3981 ἱερῶν,
928 3901 945 3960 δ
960 3902 992 3975 δὴ
1013 3903 1073 3972 τοὺς

286 3992 428 4074 προγόνους
443 3993 606 4063 καταλιπεῖν,
627 3990 672 4049 καί
683 3998 764 4066 τιμᾶν
780 3990 934 4058 λιόανωτοῖς
949 3990 994 4050 καὶ
1006 3994 1071 4064 ψαι-

287 4091 356 4149 στυῐς
367 4080 412 4140 καὶ
417 4080 558 4145 ποπάνοις.
569 4081 611 4140 cf.
618 4081 821 4157 Theopompus
831 4081 949 4137 Beklter.
959 4084 1069 4142 Anecd.

286 4192 316 4247 p.
331 4170 401 4241 328,
415 4189 465 4245 29,
473 4182 501 4226 et
510 4169 652 4243 Aristoph.
664 4172 747 4243 Vesp.
760 4168 798 4242 96
808 4188 873 4224 cnm
882 4170 1006 4227 scholiis.
1015 4172 1070 4226 Fa-

287 4264 419 4318 hulmum
437 4280 452 4315 a
475 4277 622 4315 sacrorum
641 4258 805 4315 solennibus
822 4257 1070 4315 denominatarum

793 488 999 549 COMOEDIAE
1020 487 1181 549 vuttttts
1203 490 1410 563 RELlQUlAE.

1384 617 1463 680 XlV.
1482 618 1626 686 notuit.

1164 774 1177 801 ι
1191 750 1318 807 Chorum
1326 750 1409 824 hujus
1419 750 1756 825 iabulae,sicut1nsnlamm
1765 777 1838 834 arpo,

1123 837 1233 913 phanis,
1243 858 1279 896 ex
1288 839 1431 898 t'oederatis
1441 840 1642 902 Atheniensium
1654 851 1787 915 civitatibus
1795 882 1839 921 con·

1123 927 1237 996 stitisse,
1250 927 1404 984 ostendunt
1416 926 1580 1003 fragmenta.
1593 933 1641 989 Eas
1651 945 1840 1025 conpeta-aim

1123 1026 1152 1070 et
1166 1012 1230 1091 ζυγδι
1242 1015 1410 1092 dispositas,
1429 1016 1479 1073 sed
1496 1017 1578 1074 aliam
1588 1033 1649 1095 post
1658 1025 1745 1104 aliam,
1759 1050 1840 1112 comp.

1122 1103 1221 1173 ruisse,
1234 1113 1266 1159 ut
1279 1105 1310 1160 in
1321 1104 1444 1174 Avibus,
1458 1104 1612 1180 probabilis
1623 1121 1661 1165 est
1668 1114 1752 1187 opinio
1762 1120 1840 1184 Dalm

1124 1190 1160 1248 nd
1175 1189 1253 1248 Pluti
1267 1210 1381 1249 versum
1400 1190 1471 1268 718,
1485 1203 1514 1248 et
1529 1194 1672 1254 Meierille
1684 1200 1840 1269 Abducitur

1123 1297 1148 1336 c.
1161 1279 1253 1340 Alcib.
1272 1277 1301 1349 5,
1322 1279 1355 1351 33
1371 1279 1512 1355 facileque
1525 1282 1669 1356 existimes,
1681 1290 1730 1344 suis
1740 1308 1842 1369 mamque

1124 1376 1255 1423 ornatum
1269 1369 1426 1444 insignibus
1445 1367 1488 1443 (v.
1503 1368 1541 1427 fr.
1556 1388 1580 1440 1,
1591 1376 1617 1440 t,
1631 1368 1661 1449 5]
1679 1375 1705 1429 in
1716 1380 1842 1440 orchestram

1122 1455 1269 1530 prodiisse.
1291 1457 1415 1532 Cognata
1440 1453 1549 1515 Πόλιων
1568 1469 1597 1514 et
1617 1456 1707 1535 Δήμων
1725 1482 1843 1541 ugonem

1122 1553 1212 1616 recte,
1223 1555 1257 1600 ut
1273 1543 1398 1617 videtur,
1410 1545 1532 1620 Raspius
1545 1545 1693 1607 Comment.
1705 1550 1734 1608 ds
1743 1555 1799 1627 Καρ,
1809 1560 1843 1614 lla

1122 1633 1175 1689 mis
1189 1644 1219 1689 et
1229 1633 1404 1703 civitatibus,
1417 1652 1447 1709 p.
1459 1631 1508 1702 83,
1526 1633 1567 1689 ita
1576 1633 1843 1717 distinguerentur

1121 1720 1151 1774 in
1164 1716 1265 1794 Δήμοις
1281 1718 1406 1796 Eupolin
1417 1729 1548 1776 tractasse
1563 1737 1608 1778 res
1624 1738 1680 1793 eas,
1696 1730 1842 1799 qunpertine.

1121 1818 1186 1864 rent
1201 1806 1239 1864 ad
1255 1809 1328 1882 reip.
1351 1806 1531 1883 disciplinam
1550 1806 1734 1881 domesticum,
1748 1814 1772 1866 in
1784 1813 1843 1872 Πολι.

1122 1915 1163 1951 σιν
1176 1907 1271 1953 autem
1281 1895 1461 1951 exhortatum
1469 1912 1528 1951 esse
1539 1894 1724 1966 Athenienses,
1734 1916 1764 1953 ne
1772 1898 1844 1958 diutiu

1121 1984 1151 2038 in
1162 1985 1256 2040 socios
1268 2001 1351 2039 avare
1361 1983 1572 2055 crudeliterque
1581 1984 1751 2040 consulerent.
1761 1985 1844 2045 ldenu

1121 2073 1249 2146 Amyniae
1261 2072 1402 2147 legatione
1416 2081 1635 2127 commemorata
1651 2072 1679 2126 in
1689 2083 1790 2147 utroque
1801 2074 1845 2131 dn·

1120 2171 1195 2217 mate
1210 2179 1269 2218 non
1279 2161 1354 2216 male
1368 2160 1494 2235 colligit,
1509 2155 1605 2222 Πόλεις
1618 2158 1710 2215 eodem
1719 2159 1845 2217 ierneten·

1122 2267 1210 2322 pore,
1229 2267 1288 2323 quo
1299 2250 1419 2322 Vespas,
1432 2247 1595 2303 commissas
1610 2265 1676 2317 esse,
1692 2247 1720 2304 h.
1734 2266 1756 2305 e.
1773 2250 1845 2324 simp.

1120 2336 1171 2412 89,
1185 2355 1215 2412 a,
1229 2345 1294 2393 ante
1308 2337 1431 2394 Siculam
1449 2334 1666 2411 expeditionem.
1680 2359 1691 2385 ι
1710 2336 1777 2391 ΕΜ.

1501 2466 1528 2504 ι.

1161 2563 1257 2621 Schol.
1273 2563 1419 2638 Aristoph.
1433 2562 1508 2617 Pluti
1520 2562 1578 2633 718
1593 2580 1600 2616 t
1616 2557 1748 2630 ήΤῆνοςδ
1760 2556 1810 2627 αὕτη
1818 2562 1847 2626 δι·

1122 2649 1216 2729 ριώδης
1230 2651 1302 2708 δοκεῖ
1317 2639 1395 2709 sivos.
1411 2650 1485 2720 δηλοῖ
1498 2647 1547 2706 καλ
1561 2647 1596 2707 Ε.
1613 2645 1723 2707 ubres·

1171 2805 1212 2818 -
1226 2767 1323 2843 Τῆνος
1340 2768 1435 2846 αὕτη,

1169 2872 1300 2950 πολλοὺς
1319 2873 1429 2964 ἔχουσα
1447 2869 1619 2960 σκορπίους.

1120 3018 1198 3075 Libri
1218 3037 1301 3076 versu
1319 3036 1330 3073 1
1347 3017 1423 3086 τῆνος
1442 3015 1464 3072 δ’
1497 3012 1578 3084 αὕτη.
1606 3012 1729 3073 Correxit
1742 3009 1812 3066 Dobr.
1826 3007 1849 3060 al

1121 3110 1196 3166 Plut.
1213 3109 1233 3163 l.
1250 3127 1291 3179 c.,
1306 3122 1459 3180 perperam
1471 3104 1521 3161 ille
1546 3099 1681 3181 σκορπίους
1700 3101 1851 3173 interpretatu

1120 3209 1267 3272 serpentes.

1498 3317 1524 3354 2.

1158 3416 1253 3472 Schol.
1270 3419 1319 3472 Ar.
1340 3415 1441 3469 Avium
1456 3413 1510 3470 881
1536 3431 1544 3472 ε
1561 3411 1631 3491 λέγει
1646 3409 1671 3469 δὲ
1692 3406 1793 3485 aspi-ris
1808 3403 1851 3462 liu

1118 3501 1163 3560 καί
1176 3505 1211 3562 Ε.
1227 3503 1252 3559 ἐν
1269 3502 1307 3560 Π.

1166 3657 1215 3669 -
1236 3622 1319 3691 Αὕτη
1335 3617 1427 3699 Χίος,
1440 3621 1518 3691 καλὴ
1534 3616 1626 3692 πολις
1648 3602 1812 3706 (πολιτῶν)

1167 3725 1282 3816 πέμπει
1308 3721 1365 3816 γδιρ
1385 3729 1457 3814 ἡμῖν
1481 3732 1550 3799 ναῦς
1576 3718 1704 3813 μακρδις,
1726 3708 1814 3805 ἄνδρας
1828 3707 1856 3785 λ’,
1889 3800 1890 3823 ρ

1695 3827 1759 3890 ὅταν
1774 3814 1856 3901 lein,

1165 3935 1219 4000 καὶ
1227 3931 1328 4001 τοῖλλα
1342 3933 1498 4026 πειθαρχεῖ
1507 3939 1628 4010 καλῶς,
1638 3926 1778 4001 ἄπληκτοι
1789 3926 1858 4005 ὥσπερ

1784 4030 1857 4097 tntu

1118 4170 1224 4231 Versus
1251 4190 1277 4240 1,
1293 4180 1481 4246 praeterquam
1504 4167 1586 4243 quod
1608 4167 1690 4227 initio
1703 4171 1785 4227 caret,
1801 4156 1860 4210 eim

1117 4255 1234 4334 μείουρος
1245 4269 1295 4328 est,
1305 4257 1355 4314 sed
1367 4257 1541 4331 explendus,
1558 4257 1666 4330 opinor
1677 4293 1685 4322 ,
1698 4240 1859 4306 nominemlt·

287 4351 413 4424 exempla
426 4347 744 4420 habemuscompluria,
752 4364 780 4400 v.
797 4365 821 4401 c.
829 4344 990 4417 Δωδιιιοίτην
1005 4348 1069 4403 Phi·
1115 4347 1180 4417 τῶν,
1192 4347 1271 4421 quod
1283 4347 1365 4403 facile
1373 4348 1533 4421 neglectum
1544 4345 1650 4417 fuerit,
1661 4337 1799 4416 praesertlm
1806 4347 1860 4385 ⁰⁰¹⁰·

287 4440 374 4510 lyllii,
390 4435 509 4495 Χαλκιῖα
531 4435 690 4492 Menandri.
707 4434 749 4492 Cf.
772 4435 900 4490 Lobecls.
927 4436 1068 4510 Aglaoph.
1114 4436 1219 4511 pendio
1244 4437 1397 4511 scriptum,
1418 4445 1484 4509 post
1504 4431 1600 4503 πόλις,
1627 4430 1786 4503 adjuvatque
1796 4421 1859 4492 ipsun

286 4546 317 4599 P·
340 4525 406 4595 374·
424 4550 435 4574 ν
453 4528 478 4579 Ε
490 4526 533 4581 M·
1057 4588 1059 4591 ¹
1114 4526 1296 4597 sententiam,
1310 4543 1346 4579 ne
1360 4518 1429 4590 καλή
1447 4523 1524 4579 dicta
1537 4521 1671 4578 videatur
1684 4515 1773 4573 civitas
1783 4504 1862 4564 obele-

299 4620 1853 4654 *M

654 4695 699 4746 2³.
1117 4706 1180 4763 quae
1193 4690 1295 4749 multos
1309 4688 1531 4762 hahetscorpios.

287 4785 359 4838 Num
373 4779 520 4851 Phrygium
533 4778 725 4834 salsamentum
738 4778 806 4842 luit,
822 4793 857 4835 an
866 4776 1062 4836 Gaditanum?
1493 4781 1519 4831 θ.

656 4869 700 4919 25.
1115 4897 1151 4909 -
1161 4870 1229 4924 Haec
1238 4865 1338 4932 (liius,
1351 4863 1452 4921 nobilis
1465 4863 1561 4920 civitas
1577 4879 1584 4916 ε

286 4950 496 5010 circumivimus
514 4950 597 5006 etiam
610 4956 721 5020 gentem
735 4949 881 5023 amphoras
904 4951 1072 5023 portantium
1117 4957 1200 5013 mittit
1211 4955 1285 5013 enim
1296 4952 1375 5010 nohis
1384 4967 1466 5009 naves
1475 4952 1585 5022 longas,
1596 4955 1626 5005 et
1636 4943 1754 5009 virus,si
1764 4949 1822 5010 opus
1830 4938 1865 5024 ‘Sl

586 5070 589 5083 υ
814 5037 1072 5104 ίθῑθῐῦθθθῐὶθῐΰθῑ-
1117 5053 1260 5119 ceteraque
1272 5050 1348 5117 paret
1363 5041 1450 5109 hene,
1471 5049 1503 5097 ut
1516 5053 1606 5112 equus
1621 5050 1678 5093 non
1692 5034 1757 5089 ictus
1768 5022 1866 5093 (ffllffl‘

581 5122 778 5179 Civitates.
1798 5107 1866 5178 [husi

331 5278 509 5345 Tenusluec,
665 5214 689 5264 ¹⁹
