3917 5950
778 489 1043 552 PHRYNlCllUS.

113 626 157 702 Φρ.
171 624 193 680 ίν
206 620 342 694 Μούσαις,
362 621 394 687 ἃς
409 624 558 699 supradito
569 622 620 685 τοῖς
634 619 794 698 Βατράχοις,
807 619 884 699 φησὶν

117 733 196 774 obtule·

158 825 251 916 Μάκερ
265 825 459 913 Σοφοκλέης,
476 821 520 899 ὃς,
537 823 630 887 πολὺν
646 821 751 914 χρόνον
771 823 863 905 βιοὺς,

162 931 287 995 ἀπέθανεν
307 923 462 1019 εὐδαίμων
479 927 552 1018 ἀνὴρ
569 925 619 992 καὶ
632 917 740 1004 δεξιός

162 1032 259 1111 πολλάς
277 1038 409 1110 ποιήσοις
425 1031 478 1100 καὶ
495 1032 590 1111 καλίις
604 1027 775 1127 τραγῳδίας

160 1147 247 1216 καλῶς
267 1134 443 1212 ἐτελεάππσ’
459 1130 546 1205 οὐδὲν
563 1139 726 1231 ὑπομείνας
744 1139 846 1205 κακόν.

124 1275 148 1329 V.
161 1291 169 1329 ι
182 1272 264 1328 blein.
286 1267 456 1349 Σοφοκλέης,
471 1282 588 1328 auctore
601 1269 733 1344 Elmslejo
743 1312 753 1342 ,
765 1289 820 1346 pro
836 1271 887 1329 Σο-

123 1360 205 1438 ροιλῖς,
216 1370 243 1416 et
251 1377 280 1417 ν.
293 1365 310 1425 t
326 1358 415 1422 καλῶς
427 1357 497 1415 etr.
509 1356 668 1415 secundum
680 1360 886 1429 Herminium,

123 1446 206 1502 oblitus
225 1445 354 1519 asyndeti
379 1447 569 1522 epexegetici,
599 1446 636 1501 de
659 1465 718 1520 quo
744 1466 797 1502 nos
822 1466 888 1522 pas-

122 1533 202 1592 s'mad
221 1532 410 1610 Euripidem,
425 1534 661 1609 Aristophanem,
678 1545 734 1591 etc.
751 1535 888 1591 Praetereo

120 1623 184 1676 metri
195 1622 283 1696 gratia
297 1620 397 1676 malim
411 1617 515 1697 Μάκαρ
527 1617 572 1690 σὺ,
586 1618 738 1697 Σοροκλῆς,
752 1621 886 1678 haustum

119 1721 203 1783 putans
221 1730 253 1765 συ
276 1727 295 1765 a
310 1729 354 1766 σο·
373 1708 477 1779 simili,
497 1719 525 1765 et
552 1705 698 1777 ἀπέθανες,
721 1721 749 1766 et
768 1720 888 1785 propter

118 1798 249 1872 legitimam
285 1809 447 1874 temporum
476 1798 708 1854 consecutionem
736 1794 886 1867 ποιήσας...

117 1883 244 1948 ἐτελείτας.
258 1885 338 1960 Saepe
350 1886 435 1941 etiam
454 1906 467 1939 ν
486 1895 513 1939 et
530 1907 551 1955 ς,
565 1886 689 1958 itemque
704 1896 760 1942 aet
771 1907 807 1954 η,
822 1904 887 1960 per-

117 1972 195 2028 mixta
206 1973 330 2028 novimus
345 1974 373 2027 iu
386 1971 479 2028 libris.

479 2097 508 2134 2.

147 2192 281 2267 Ηετροοπ.
296 2211 326 2266 p.
344 2199 413 2265 tot,
433 2191 463 2260 3,
483 2193 567 2247 Phot.
594 2203 622 2248 et
635 2193 734 2249 Suidns
755 2212 762 2246 ·.
786 2191 889 2252 {tatt-

111 2298 224 2343 τκος....
246 2277 352 2354 ἀγγεῖόν
372 2300 413 2349 τι,
428 2279 463 2343 εἰς
477 2275 492 2334 ὃ
506 2276 686 2358 ἐψηφοφόρουν
706 2280 731 2336 οἱ
750 2278 888 2356 δικασταὶ,

112 2363 183 2429 οὕτως
195 2363 296 2440 ἶλεγον.
308 2366 365 2443 Φρ.
376 2364 513 2430 Μούσαις·

151 2469 234 2557 ἰδοὺ,
250 2471 346 2569 δέχου
360 2482 416 2552 τὴν
432 2476 548 2570 ψῆρον·
560 2485 579 2543 ’ὁ
596 2474 740 2556 καδίσκος
758 2474 794 2546 δι’
813 2506 860 2546 σοι

149 2584 233 2673 ὁμὲν
250 2584 395 2652 άπολιίιιν
411 2582 546 2668 obsum
564 2577 595 2650 δ’
613 2585 745 2662 άπολλὺς
766 2577 829 2652 ὁδί.

108 2709 224 2784 mitigit
235 2710 298 2767 haee
310 2711 493 2767 Schoemann.
510 2708 596 2769 Proc.
612 2713 670 2767 tu.
684 2729 716 2785 p.
730 2711 803 2783 7233
822 2730 884 2786 quae

109 2797 213 2854 lortane
233 2798 270 2854 ad
300 2813 423 2873 agonem
451 2799 603 2874 Sophoclis
618 2811 647 2856 et
667 2799 811 2876 Euripidis
824 2818 889 2875 spe-

109 2895 185 2941 tlinl.
197 2911 209 2934 υ
223 2886 248 2940 Ε
260 2887 306 2944 Μ.
318 2881 328 2899 ⁸

481 2984 510 3038 3.

143 3092 238 3149 Pollux
251 3112 283 3165 7,
299 3092 382 3149 ao3·:
397 3094 423 3151 ἐν
435 3092 463 3150 δὲ
475 3092 611 3172 Φρυνίχου
628 3091 744 3158 Μοίσαις

152 3189 236 3271 (reat
253 3207 424 3298 ariopalto,
441 3209 493 3273 καὶ
510 3209 667 3301 περίπολι,
683 3206 735 3273 καὶ
747 3201 875 3308 δρινάςί

108 3323 232 3393 ΙιῖιιίὮ
244 3333 331 3414 κάπρ.
351 3334 397 3391 καὶ
412 3333 557 3413 περίπολις.
575 3338 661 3393 blein.
684 3322 708 3392 ὦ
729 3334 773 3392 καὶ
792 3331 887 3415 κάπρ,

15 3488 19 3491 Ἴ
106 3433 136 3477 ut
144 3434 227 3498 poeta
239 3424 367 3481 incertus
380 3424 460 3500 apud
477 3425 562 3484 Phot.
577 3445 606 3481 v.
619 3422 744 3503 Μύραινα
761 3445 768 3480 :

142 3524 182 3593 Ὧ
192 3535 312 3614 προδότι,
324 3535 372 3593 καὶ
387 3535 546 3615 eupompi,
557 3536 602 3594 καῖ
614 3534 728 3616 μύραινα
743 3538 788 3596 ori!

108 3647 165 3719 [cl.
181 3649 330 3723 Hermipp.
352 3644 458 3727 Ἄρτοπ.
473 3649 510 3711 fr.
532 3669 559 3707 a.
574 3647 583 3727 J
599 3651 701 3726 Bergk.
729 3650 887 3711 Comment

106 3752 135 3807 p.
158 3733 229 3807 315,
243 3734 374 3813 περίπολε
398 3739 527 3812 Uterque
547 3739 589 3793 vir
610 3738 711 3797 doctus
734 3740 778 3795 bis
798 3742 891 3798 verbis

106 3840 156 3895 per
176 3824 311 3881 iuvidiam
334 3825 479 3900 Euripidis
491 3827 600 3882 Musam
616 3828 782 3902 compellari
801 3830 890 3903 suspi-

107 3921 193 3965 catur.
207 3912 300 3987 Pergit
311 3912 391 3987 apud
403 3914 548 3970 Pollucem
563 3914 686 3989 optimus
698 3914 763 3973 cod.
777 3917 863 3972 Paris.
882 3938 888 3970 :

16 4058 19 4063 ἱ
107 3994 148 4052 καὶ
159 3996 279 4075 ρορῖάς
298 3996 347 4070 τὴν
359 3998 458 4079 πόρνην
478 4000 558 4077 λέγει,
573 3998 664 4079 ὥσπερ
677 4000 722 4060 καὶ
738 4000 832 4077 μαινὰς
845 4026 890 4062 και

16 4129 19 4155 ;
108 4082 215 4163 eurisis

46 4294 50 4305 '
147 4294 225 4350 Idem
241 4316 285 4366 ιο,
302 4299 340 4354 86
358 4315 366 4354 z
386 4298 416 4353 οὗ
437 4294 489 4375 γάρ
505 4296 582 4372 μόνον
603 4297 648 4354 ἐπὶ
662 4301 713 4356 τῶν
727 4297 888 4357 iuraturus

21 4414 23 4417 -
109 4378 207 4457 εἴρηται
220 4381 250 4440 τά
261 4382 397 4463 ὄξῦάαρα,
413 4383 484 4443 ἀλλὰ
499 4384 545 4442 καὶ
558 4384 601 4442 ἐπὶ
617 4388 669 4444 τῶν
683 4387 718 4452 εἰς
732 4385 779 4458 τὴν
799 4386 888 4446 ἐδώδι-

16 4496 33 4511 ’”
110 4488 157 4539 lm
168 4467 292 4547 ppulo...
309 4473 359 4529 κᾶν
375 4480 433 4538 ταῖς
445 4471 583 4551 Φρυνίχου
599 4472 733 4539 Μούσαις·

849 4599 951 4607 ...u-0.-

439 4658 558 4714 tlUSAE.

17 4887 30 4899 f
109 4824 206 4882 Boou
220 4827 442 4901 m‚sophocles,
456 4749 516 4901 quii,
532 4846 618 4902 quum
631 4829 680 4888 diu
698 4832 827 4901 vixisses,

107 4918 227 4969 ιιιοτιιιιιι
238 4914 274 4971 sis
283 4913 348 4971 felix
358 4915 401 4971 vir
412 4922 441 4971 et
455 4915 559 4987 peritus
573 4935 579 4969 z

106 4997 197 5055 multis
208 5002 366 5075 conscriptis
379 5009 408 5059 et
422 5001 548 5074 pulchris
561 5003 711 5072 uapoediis,

106 5082 216 5152 pulchre
223 5086 333 5155 obibus,
350 5086 432 5144 nullo
444 5087 584 5144 exantlato
596 5089 676 5145 malo.

103 5257 160 5325 Fu,
173 5262 262 5334 accipe
276 5263 406 5320 tabellam
418 5266 427 5319 t
439 5181 538 5333 ostride
551 5264 632 5319 situla
644 5263 694 5319 tibi

104 5342 160 5400 hue
172 5347 279 5419 quidem
291 5350 442 5409 absolvens
454 5391 463 5416 ,
475 5348 523 5405 illo
538 5365 601 5407 vero
612 5351 755 5423 perdause

1662 505 1717 555 215

982 661 1028 672 —
1061 623 1129 688 Μάν
1161 618 1299 715 ὀξυίοίριρ
1321 625 1453 715 [pilutus
1476 633 1553 718 τρεῖς
1586 627 1720 719 χοίνικας

1512 722 1559 796 δύ’
1576 734 1718 825 ἀλεύρων.

935 858 1016 912 Libri
1036 855 1108 933 Κᾶν,
1123 857 1203 932 quod
1221 858 1350 913 correxit
1365 858 1463 928 blein„
1483 859 1616 928 suadens,
1642 862 1720 918 iute-

934 957 1017 1020 grato
1042 964 1126 1003 versu
1146 957 1279 1021 anapaest.
1299 957 1422 1016 tetram,
1444 947 1501 1002 hoc
1517 948 1561 1004 vel
1584 949 1720 1022 quiddam

934 1034 1025 1090 simile
1044 1033 1103 1093 Κάν
1116 1029 1154 1101 ὀξ.
1168 1030 1284 1112 χρῆσται
1300 1034 1342 1110 (ν.
1359 1052 1426 1091 ann.
1441 1032 1477 1089 ad
1496 1033 1603 1109 OEdip.
1616 1036 1718 1093 Colon.

935 1120 1008 1195 469,
1021 1120 1069 1179 ed.
1082 1122 1237 1178 Hennanui
1252 1119 1320 1181 505.
1336 1121 1417 1177 Libri
1439 1121 1572 1197 χρῆσθαι)
1587 1120 1721 1196 μάττειν

933 1228 972 1285 πρ.
987 1228 1015 1285 χ.
1030 1204 1085 1276 ἥδ.
1100 1211 1126 1267 ά.
1140 1208 1196 1266 Sed
1211 1210 1278 1264 talia
1292 1211 1359 1268 satis
1369 1219 1411 1265 est
1423 1209 1552 1284 intelligi.

1315 1328 1342 1383 5.

953 1489 955 1494 .
973 1442 1077 1498 Athen.
1095 1460 1122 1510 7,
1135 1459 1167 1515 p.
1181 1440 1295 1516 319,A.
1313 1438 1482 1514 Πηλαμάς.
1497 1442 1554 1518 up.
1566 1442 1592 1497 ἐν
1603 1442 1642 1500 Μ.
1654 1465 1719 1517 μνη·

935 1548 1189 1689 μονᾶίίάιρτοιοιοο
1200 1614 1238 1670 ad
1252 1617 1326 1671 hauc
1341 1615 1398 1671 fab.
1414 1616 1513 1672 reterri
1528 1635 1612 1693 posse
1623 1618 1721 1677 viden·

936 1712 1000 1775 tur,
1020 1702 1106 1758 Mein.
1122 1702 1250 1759 exhibuit
1263 1704 1293 1759 in
1307 1702 1407 1781 frugm.
1420 1705 1520 1764 incert.
1539 1725 1551 1761 r
1571 1718 1599 1763 et
1614 1707 1657 1765 13.

1205 1866 1271 1924 Vll.
1296 1867 1450 1927 ΜΥΣΤᾸΙ.

975 2013 988 2035 ι
1003 1984 1110 2045 Μάοται
1126 1989 1278 2046 laudantur
1291 2010 1307 2048 a
1319 1993 1421 2068 Photio
1432 2004 1461 2049 et
1474 1995 1561 2051 Suida
1576 2015 1602 2051 ν.
1618 1996 1720 2053 Ίέυτιί·

934 2079 1000 2142 ζειν.
1014 2077 1070 2132 Sed
1087 2076 1163 2133 idem
1178 2097 1206 2136 ν.
1217 2076 1486 2156 Φράνιχοςίαῖιιιῖοτιι
1497 2094 1582 2138 uocat
1597 2082 1718 2154 Μύοτην,

935 2164 1104 2222 concinente
1127 2166 1204 2224 Eust.
1227 2167 1264 2224 ad
1282 2170 1317 2222 ll.
1339 2187 1383 2239 17,
1407 2169 1504 2235 trba
1525 2173 1616 2231 Mein.
1644 2173 1719 2231 Hist.

935 2254 1000 2309 crit.
1016 2254 1095 2312 Com.
1114 2273 1144 2329 p.
1175 2254 1241 2313 158.
1271 2280 1282 2305 a
1304 2258 1530 2314 Consentaneum
1544 2272 1601 2329 est,
1622 2261 1722 2317 fabulae

935 2342 1055 2397 chorum
1070 2345 1227 2400 constitisse
1238 2362 1272 2400 ex
1285 2346 1395 2420 Mysus,
1408 2365 1525 2420 prorsus
1538 2357 1569 2402 ut
1582 2349 1612 2402 in
1624 2351 1720 2406 Rapis.

934 2430 1041 2484 Docuit
1058 2440 1153 2485 autem
1179 2431 1246 2486 Phr.
1268 2433 1388 2506 Mysus,
1416 2452 1475 2507 quo
1495 2446 1623 2510 tempore
1644 2439 1720 2494 Alci·

935 2515 1033 2572 biades
1045 2518 1185 2574 Eleusinia
1194 2537 1272 2575 sacra
1282 2522 1451 2592 restituerat,
1460 2523 1537 2579 bello
1549 2525 1720 2599 interrupto,

935 2604 1016 2678 quod
1036 2607 1126 2681 tangit
1149 2608 1295 2682 Aristopb.
1317 2610 1347 2663 iu
1362 2612 1457 2666 -Rauis
1477 2610 1559 2687 (33).
1583 2613 1625 2669 cf.
1646 2615 1720 2674 Plut.

934 2692 1027 2750 Alcib.
1042 2712 1068 2749 c.
1086 2691 1160 2761 34.»
1179 2696 1204 2749 E
1217 2696 1338 2773 Bergk-io
1353 2696 1525 2758 Commentt.
1541 2719 1570 2774 p.
1582 2699 1651 2770 375.

1315 2840 1380 2890 1⁸.

976 2931 1094 2987 Photius
1112 2951 1143 3008 p.
1160 2930 1227 3003 583,
1246 2952 1293 3000 ro,
1306 2933 1331 2991 Τ
1339 2931 1510 3002 credisti:
1534 2937 1720 3014 πραγματεύε-

937 3013 1024 3088 oderit
1039 3018 1242 3099 σκευωρεῖσθαι,
1256 3017 1273 3090 ἢ
1287 3020 1510 3098 στραγγεύεσθαι,
1523 3022 1569 3082 καὶ
1582 3023 1650 3084 πολὺ
1665 3026 1721 3083 διε·

936 3104 1035 3184 τρίὸειν
1050 3107 1076 3163 ἐν
1088 3107 1125 3185 τῷ
1137 3107 1252 3184 adep...
1270 3107 1316 3165 καὶ
1328 3106 1513 3187 Ἀρτεμίδωρος
1528 3109 1556 3168 δὲ
1571 3110 1721 3190 φροντίζειν.

936 3194 990 3271 Φρ.
1005 3191 1125 3260 Μύσταις
1143 3222 1156 3246 ι
1176 3195 1305 3273 Μάστιγα
1330 3196 1354 3253 δ’
1374 3198 1400 3253 ἐν
1415 3197 1505 3277 χερσῖν
1524 3198 1612 3277 ίχων*
1628 3223 1721 3259 seura·

936 3285 990 3340 θαι.
1003 3307 1016 3334 ν
1025 3284 1211 3359 Ruhnkeuius
1220 3284 1257 3341 ad
1264 3286 1335 3340 Tim.
1345 3304 1375 3360 p.
1393 3285 1462 3357 254,
1473 3288 1615 3362 probante
1622 3290 1719 3347 Valck.

937 3371 975 3427 ad
999 3371 1144 3428 Theocriti
1165 3373 1263 3429 Adon.
1276 3392 1309 3449 p.
1330 3373 1407 3445 236,
1419 3373 1547 3452 Μάστιγα
1561 3373 1583 3433 δ’
1596 3376 1622 3433 ἐν
1634 3379 1721 3453 χεροῖν

938 3455 1006 3535 ἔχων
1020 3456 1180 3525 τευτάζεται.
1201 3484 1212 3510 ι
1227 3460 1349 3517 Exhibui
1361 3465 1569 3520 correctionem
1581 3464 1721 3521 Ruhnke-

936 3547 989 3603 nii.
1000 3546 1059 3602 Nec
1070 3546 1195 3603 dubitari
1210 3546 1333 3604 debebat
1351 3548 1388 3605 de
1401 3569 1454 3606 usu
1471 3551 1559 3608 medii
1581 3571 1587 3607 ι
1601 3568 1631 3608 ν.
1643 3554 1719 3609 Bast.

938 3634 1027 3707 Epist.
1044 3636 1108 3692 erit.
1121 3655 1153 3711 p.
1171 3634 1236 3694 152.
1254 3661 1265 3686 υ
1279 3638 1305 3691 Ε
1315 3638 1358 3697 M.
1373 3639 1556 3695 Verisimilius
1569 3640 1624 3696 hoc
1649 3641 1716 3694 milii
1752 3678 1755 3695 .

937 3721 1070 3798 videtur,

989 3870 1029 3883 -
1052 3837 1200 3930 Μάστιγα
1220 3830 1248 3904 δ’
1262 3842 1291 3919 ἐν
1307 3847 1407 3932 χεροῖν
1421 3843 1501 3933 ἔχων

881 4002 887 4021 ,
986 3940 998 4011 ί
1004 3939 1114 4036 ἔγωγ’)
1129 3946 1319 4019 ἐτευτοίσθην.

937 4070 1106 4130 pronomini
1114 4074 1240 4131 olfecisse
1248 4076 1535 4133 videturouteeedens
1544 4063 1621 4148 ἔχων.
1635 4078 1720 4151 berg·

939 4161 1003 4217 liius
1016 4163 1186 4223 Commentt.
1203 4182 1233 4239 p.
1246 4164 1302 4235 375
1318 4166 1417 4220 maluit
1432 4163 1578 4221 ἐπίτασιν.

1207 4316 1211 4322 -
1316 4300 1341 4335 2.

977 4392 1104 4448 Eustath.
1121 4392 1204 4447 adll.
1223 4411 1271 4462 17,
1287 4390 1357 4460 415,
1369 4412 1400 4465 p.
1417 4409 1504 4464 ιιιο,
1519 4391 1555 4446 36
1568 4411 1575 4445 ε
1587 4387 1677 4455 Ἱιιενες
1692 4386 1720 4445 δὲ

912 4476 916 4488 ’
937 4474 1062 4542 πολλάκις
1086 4474 1118 4546 δὴ
1144 4478 1307 4554 (perperam
1330 4478 1440 4534 editum
1462 4474 1504 4553 di)
1527 4477 1572 4535 καί
1586 4475 1720 4548 Ἀθηναῖοι

1644 4597 1719 4607 uuo—⁴

1317 4667 1344 4717 3.

935 4749 1016 4804 Osus
1025 4746 1096 4814 fero,
1107 4748 1239 4815 erratica,
1253 4749 1488 4806 circumcursans!

1312 4842 1339 4891 4.

935 4951 970 4961 -
985 4923 1019 4975 Et
1031 4922 1060 4976 iu
1080 4919 1220 4977 acetabulo
1241 4930 1348 4994 oportet
1365 4930 1420 4979 tres
1441 4924 1481 4981 vel
1502 4922 1570 4980 duas
1584 4924 1721 4980 ctroenioes

1575 5013 1673 5082 [tritici

1262 5099 1402 5158 MYSTAE.

1315 5194 1339 5242 1.

970 5304 998 5313 -
1013 5270 1195 5345 Flagrumque
1208 5275 1336 5333 manibus
1347 5283 1443 5333 tenens

933 5358 1062 5429 equidem
1074 5363 1230 5417 cunctabar.
