3917 5950
775 464 1069 535 ΑΝΟΝΥΜΟἰίθΜ.
1666 486 1720 534 743

110 596 207 652 Primo
227 615 311 652 versu
332 615 378 671 ap.
397 598 491 653 Cram.
514 592 683 672 πράγματος,
701 597 820 651 αἰῖετιιιιι
842 615 890 670 ap.
912 607 916 649 Ι

109 686 195 742 ssekk.
215 684 323 742 Anerd.
335 704 365 759 p.
383 684 449 760 839.
460 686 621 757 Utrumque
635 683 821 760 fragmentum
832 688 894 740 Me-

109 774 221 830 nandro
236 772 381 828 tribuebat
397 772 628 829 Schneidewinus
641 772 723 842 Conj.
737 793 766 847 p.
785 793 849 848 ¹¹9·

472 898 537 956 205.

153 1014 308 1081 Favorinus
318 1029 349 1088 p.
363 1010 457 1083 2300
469 1011 568 1071 Diua:
581 1008 610 1067 τθ
620 1008 691 1085 ἥμην
705 1008 749 1067 ἰπὶ
763 1013 807 1066 τοῦ
816 1011 896 1089 θπῆρ·

109 1124 159 1180 Ιμον
183 1099 380 1179 ἀπηγόρευται,
404 1098 508 1174 λέγεται
531 1097 558 1157 δὲ
579 1086 620 1169 ἦν.
643 1100 759 1177 χρῶνται
781 1097 809 1155 δέ
830 1120 897 1165 τινες

109 1188 195 1266 τούτῳ
207 1191 261 1246 τῶν
276 1184 425 1264 νεωτέρων,
437 1175 501 1253 οἷον,

161 1277 250 1377 ἤμην
267 1293 351 1367 ποτ’,
367 1286 447 1377 ἤμην
460 1294 521 1353 τῶν
532 1289 721 1376 σφριγώντων
738 1288 767 1349 ἐν
779 1284 894 1375 λόγοις.

464 1414 530 1470 οοδ.

154 1523 284 1582 Philemo
297 1530 365 1585 Lex.
381 1545 413 1599 p.
434 1544 498 1599 119,
515 1522 615 1600 Στοῦρα
634 1543 640 1577 :
653 1521 762 1600 χλαίνης
776 1512 841 1587 εἶδος
855 1524 897 1580 εὖ·

110 1613 219 1681 τιλοῦς,
234 1604 286 1669 οἷον
301 1612 410 1689 έξωμίς,
426 1609 443 1680 ἣ
457 1608 569 1685 ἁπλοῖς,
584 1608 601 1679 ἥ
617 1631 642 1666 τι
654 1613 780 1669 τοιοῦτον.
797 1600 849 1668 οἷον

163 1754 314 1836 Χειμῶνος
326 1746 410 1821 ὄντος
424 1752 503 1836 τρεῖς
518 1745 636 1836 σισῦρας
646 1741 795 1834 ὑφείλετο.

472 1907 539 1959 ²07·

154 2000 234 2057 Idem
248 1999 346 2075 p.105
370 2023 374 2055 :
398 1998 466 2078 χολὴ
480 1998 577 2076 χόλος,
599 1997 662 2073 τιμὴ
686 2002 804 2075 τῖμος,
826 1998 899 2077 παρὰ

111 2085 304 2166 τῇκωριῳδίρ,
319 2086 475 2164 τότίμημα.
494 2089 602 2144 Eadem
627 2088 751 2145 Eustath.
778 2107 808 2161 p.
826 2087 895 2158 563,

113 2178 347 2248 2731222,28;
368 2178 454 2253 ιιθθ,
473 2177 520 2247 37.

473 2304 542 2360 aab.

156 2416 236 2475 Philo
250 2418 308 2475 νοί.
321 2435 351 2491 a,
372 2438 401 2493 p.
423 2416 504 2488 478:
528 2412 662 2493 πάσχουσι
686 2412 737 2492 γὰρ
752 2414 799 2472 οὐκ
821 2414 899 2473 tlat-

113 2525 177 2561 τοκα
193 2492 230 2561 ὅν
254 2503 430 2580 διατιθέασιν,
455 2501 524 2582 θπιρ
541 2502 589 2560 οθκ
612 2499 685 2560 ἰοασι
706 2503 900 2578 παραπαίοντες

114 2597 139 2651 οἱ
155 2591 199 2650 τὸν
214 2582 281 2650 οἶνον
294 2593 356 2672 οὐχ,
373 2594 409 2657 ὡς
427 2595 442 2651 ό
456 2589 575 2666 κωμικός
587 2610 681 2668 φησιν,
698 2589 740 2647 ἐπὶ
754 2592 831 2670 κακῷ
847 2591 899 2648 τῶν

113 2677 227 2750 πλησίον
244 2681 328 2739 αὐτῶν
353 2679 464 2757 (biaug.
492 2676 574 2755 αθτθί
591 2675 680 2754 μόνον,
707 2676 775 2734 ἀλλὰ
800 2679 844 2735 καί
858 2677 900 2736 ἰπὶ

114 2768 156 2845 τῷ
170 2766 227 2845 ἰδίῳ
236 2766 319 2826 πίνειν
335 2764 517 2844 ὑπομένοντες.
534 2767 664 2824 Obscura
677 2778 752 2823 sunt.

468 2875 478 2894 '
497 2895 564 2951 2⁰9·

157 2990 344 3048 Philostratus
360 2992 421 3065 jun.
448 2992 557 3068 lmugg.
579 2997 673 3065 14,p.
697 2989 749 3057 134
775 2992 834 3045 Jac.
859 2979 899 3058 ιθ

116 3077 168 3136 ποιί
182 3101 221 3144 τις
234 3075 280 3137 καί
295 3075 482 3157 ἀναφθέγξεται
497 3075 589 3155 μικρὸν
604 3074 710 3154 ὕστερον
728 3074 770 3134 ἰπὶ
781 3075 822 3133 ool

167 3218 294 3278 Μουσῶν
311 3209 439 3276 εὐκολων
453 3208 608 3300 ἀνθρίνιον

116 3335 210 3411 λέγων.
227 3361 239 3387 ι
255 3337 373 3394 Videtur
387 3337 447 3393 ἰιιτο
462 3337 585 3408 antiqua
605 3334 752 3390 comoedioe
766 3345 853 3409 poeta
867 3336 902 3392 de

118 3424 280 3497 Phrynicho
292 3424 337 3480 νοί
351 3423 512 3498 Sophocle,
525 3425 618 3496 poetis
633 3423 761 3496 tragicis,
780 3420 900 3492 dixisse,

118 3531 192 3585 quos
206 3524 345 3587 utrosque
359 3513 421 3587 apis
438 3512 555 3568 nomine
576 3510 733 3567 celebratos
749 3528 807 3565 ease
830 3528 902 3565 con-

117 3612 183 3661 stat.
198 3600 366 3657 Welekerus
379 3601 464 3657 etiam
480 3602 644 3674 sequentia,
657 3593 701 3654 καὶ
713 3593 855 3653 δεδοικίναι
866 3600 903 3675 τῷ

116 3684 314 3767 παρεγγυήσιι,
330 3684 368 3764 μή
381 3708 418 3758 πη
431 3685 498 3762 λιίθῃ
514 3705 554 3750 τις
574 3687 694 3743 ἐκπτθσα
710 3684 754 3740 τοῦ
778 3686 825 3739 σοῦ
845 3681 903 3741 στό·

119 3797 202 3851 ματος
217 3774 345 3852 μέλιττα,
358 3772 404 3833 καί
417 3769 449 3831 τό
457 3770 564 3848 κέντρον
575 3771 730 3852 ἀφυλάκτοις
743 3768 902 3851 ἰγχρίοασο,

118 3864 267 3938 paululum
285 3865 514 3922 immolatarum
537 3862 683 3937 prioribus
696 3860 902 3935 conjungebat3

117 3952 167 4010 sed
180 3970 213 4008 ea
226 3953 298 4008 mihi
311 3950 435 4007 ludentis
448 3950 583 4025 sophista
595 3951 725 4006 acumine
735 3966 821 4023 quam
830 3960 903 4004 vete·

122 4041 162 4094 ris
178 4039 327 4097 comoediae
347 4041 462 4115 iugenio
477 4039 607 4114 digniora
618 4038 762 4094 videntur.
783 4061 795 4086 ν
815 4038 903 4093 Mein.

480 4173 546 4212 210.

144 4245 292 4344 ‘Plotium
308 4272 462 4333 Εὐκλεία
482 4295 487 4327 :
506 4272 552 4330 καί
562 4271 594 4329 τίι
612 4269 698 4344 όμοια·
715 4269 808 4348 μακρόι
825 4273 842 4340 ἡ
858 4293 904 4328 τε·

71 4397 75 4402 ⁴
121 4361 229 4419 λευταία
246 4361 291 4418 καὶ
310 4360 489 4440 παροξύνεται·
505 4358 595 4437 ὥσπερ
612 4358 800 4438 Ἐρατοσθένης
816 4362 841 4416 ἐν
870 4356 902 4416 ιδ’

123 4447 185 4526 περί
200 4449 361 4528 (κωμῳδίας
370 4447 389 4525 ἰ.

485 4581 551 4619 211.

161 4677 254 4753 Idem,
266 4674 402 4753 Εθπραξ
412 4674 463 4750 ίαν
483 4695 488 4723 :
513 4676 537 4732 οἰ
552 4672 659 4732 παλαιοὶ
674 4670 786 4745 κωμικοὶ
802 4667 843 4727 διὰ
862 4672 905 4727 τοῦ

124 4766 151 4839 ξ,
165 4761 330 4835 Θονκυδίδης
341 4762 368 4822 δί
382 4761 424 4821 διὰ
437 4766 484 4821 τοῦ
497 4787 524 4839 γ.
540 4765 621 4820 Dixit
631 4761 667 4817 de
683 4762 725 4816 his
739 4760 836 4815 formis
849 4761 907 4813 Lo·

123 4857 241 4913 bachius
264 4854 302 4910 ad
318 4852 470 4928 Sophoclis
486 4852 565 4923 Ajac.
580 4849 649 4926 759,
661 4869 677 4906 a
691 4850 778 4905 Mein.
794 4850 903 4904 citatus.

1290 618 1357 656 212.

982 719 1078 787 ldem,
1091 719 1187 786 Κητεῑν
1203 736 1209 775 :
1228 716 1271 773 ἐπὶ
1283 721 1328 774 τοῦ
1348 717 1483 794 βούλεσθαι
1498 720 1609 778 τιθέασιν
1627 724 1650 778 οἱ
1667 720 1721 778 Ἀτ-

1000 804 1007 825 Ι

940 828 1017 864 τικοι.

993 912 1080 993 Μηδὲ
1099 920 1133 985 σὺ
1148 916 1230 998 ζιίτει
1248 908 1399 986 πυθέσθαι.

941 1048 1038 1104 Codex
1056 1068 1079 1102 τι
1094 1058 1158 1103 ante
1168 1045 1304 1117 πυθέσθαι,
1316 1049 1393 1120 quod
1404 1058 1480 1103 recte
1492 1048 1566 1104 delet
1576 1052 1719 1110 Dobraus.

1304 1179 1315 1213 1
1324 1160 1369 1217 13.

982 1269 1079 1340 ldem,
1093 1269 1306 1347 Καρδαμοίλη
1325 1291 1330 1323 :
1348 1274 1419 1345 μᾶζα
1434 1272 1464 1327 ἐκ
1480 1272 1620 1351 καρδάμου
1638 1296 1722 1349 μεμα·

942 1357 1037 1432 γμένη,
1048 1358 1143 1435 βρῶμα
1151 1356 1282 1433 γινόμενον
1290 1358 1430 1437 Περσικόν.
1444 1360 1466 1417 οἱ
1475 1359 1502 1416 δὲ
1513 1382 1533 1415 π
1542 1383 1558 1416 α
1567 1384 1582 1436 ρ
1592 1362 1605 1418 δ
1612 1384 1654 1438 αμ
1664 1363 1724 1433 aila

942 1444 1074 1524 λέγουσιν,
1085 1445 1146 1505 soil.
1158 1457 1250 1520 poeta
1264 1448 1376 1503 comici.

1298 1584 1366 1641 aab.

984 1690 1072 1760 Idem,
1086 1685 1186 1753 Κέοκος
1200 1678 1231 1757 ἦν
1246 1686 1320 1753 πόλις
1333 1688 1358 1744 όν
1373 1686 1493 1765 Κιλικίᾳ,
1504 1688 1550 1745 καί
1565 1695 1627 1769 παρ’
1643 1693 1725 1760 αιἰτὴν

942 1775 1059 1851 ποταμὸς
1076 1777 1144 1843 Νοῦς
1158 1774 1258 1851 ὄνομα·
1277 1775 1310 1832 δι’
1332 1773 1395 1853 ὅπερ
1413 1776 1436 1833 ol
1456 1776 1568 1852 κωμικοὶ
1591 1779 1725 1850 παίζοντες

825 1932 829 1939 Ι
943 1863 1002 1930 τοὺς
1014 1868 1072 1922 νοῦν
1088 1864 1135 1922 οῦκ
1147 1862 1255 1942 ἔχοντας
1275 1862 1377 1922 Κίσκον
1397 1863 1477 1943 φασίν
1499 1869 1546 1924 οὐκ
1563 1866 1645 1946 ἔχειν.
1663 1875 1725 1928 Pli-

944 1955 1008 2009 nius
1021 1955 1056 2011 fl.
1076 1954 1111 2008 N.
1130 1952 1178 2021 31,
1200 1972 1233 2009 ιο
1249 1970 1256 2008 :
1273 1958 1301 2006 in
1317 1953 1419 2008 Cilicia
1433 1957 1513 2026 apud
1524 1961 1657 2031 oppidum
1672 1963 1724 2018 Ce-

944 2058 1019 2096 scam
1034 2047 1107 2096 rivus
1118 2041 1184 2111 fluit
1196 2042 1267 2109 Nus,
1283 2060 1319 2096 σα
1336 2059 1391 2116 quo
1405 2042 1557 2099 bibentium
1568 2049 1725 2109 sabtiliores

943 2149 1038 2187 sensus
1058 2132 1127 2203 fieri
1151 2131 1194 2187 M.
1224 2131 1313 2184 Varro
1339 2131 1433 2185 tradit.
1462 2132 1616 2192 Proverbia
1637 2139 1723 2199 Coisl.

948 2217 1022 2288 143,
1037 2218 1086 2282 εἷς
1101 2213 1238 2275 Κέστιον
1255 2236 1261 2270 :
1278 2213 1362 2273 λείπει
1380 2213 1410 2273 τὸ
1421 2216 1505 2276 ἄπιθι.
1523 2218 1626 2295 λέγεται
1640 2223 1667 2282 δί
1682 2228 1726 2282 ἰπὶ

944 2307 995 2364 τῶν
1011 2304 1048 2381 μὴ
1067 2302 1241 2384 φρονούντων.
1259 2300 1361 2368 Κέσκος
1380 2301 1432 2380 γθρ
1448 2303 1522 2372 πόλις
1541 2308 1597 2365 ἰστί
1612 2313 1659 2381 τῆς
1671 2314 1726 2373 ss..

944 2392 1042 2463 αιδίας,
1052 2396 1087 2459 ὡς
1098 2390 1124 2449 δὲ
1135 2390 1197 2449 ένιοι
1205 2388 1337 2461 Κιλικίας,
1348 2392 1411 2468 παρ’
1424 2391 1456 2462 ἣν
1469 2394 1509 2469 pei
1517 2395 1634 2470 ποταμὸς
1643 2399 1726 2476 ὄνομα

945 2484 1024 2549 Νοῦς.
1046 2506 1057 2530 ι
1084 2483 1151 2537 Hac
1174 2483 1377 2549 simiarum,
1395 2498 1454 2535 noa
1475 2482 1653 2564 intelligitur,
1668 2509 1726 2564 quo

945 2581 1031 2645 paeto
1045 2568 1174 2626 homines
1182 2567 1260 2623 stulti
1276 2566 1379 2624 Κίσκον
1394 2566 1441 2622 οὐκ
1451 2564 1522 2645 ἔχειν
1539 2571 1597 2628 dici
1610 2579 1725 2649 possint.

947 2662 1047 2732 itaquo
1058 2657 1136 2732 apud
1148 2656 1282 2711 Photium
1296 2672 1350 2729 pro
1370 2655 1417 2710 οὐκ
1437 2652 1508 2732 ἔχειν
1521 2658 1637 2719 fortasse
1657 2669 1727 2721 scri-

947 2746 1073 2803 bendum
1085 2744 1176 2801 οἰκεῖν.
1194 2744 1295 2800 Cesous
1315 2744 1391 2798 euim
1409 2745 1463 2800 sita
1479 2758 1539 2803 erat
1557 2747 1630 2825 παρὰ
1644 2754 1727 2822 Νοῦν,

946 2835 1024 2892 unde
1038 2852 1210 2908 consequens
1222 2845 1280 2903 est,
1301 2836 1351 2905 qui
1375 2835 1492 2890 Cescum
1512 2837 1659 2907 incolunt,
1680 2860 1728 2898 eos

946 2928 1084 3001 παρανοεῖν
1103 2921 1218 2996 (Pollux
1234 2940 1265 2986 a,
1291 2939 1360 2995 ουρ,
1375 2923 1517 2998 aristoph.
1529 2925 1603 2982 Nub.
1623 2927 1726 3004 1482),

948 3017 967 3071 i.
985 3033 1010 3071 e.
1027 3016 1219 3089 παραφρονεῖν,
1232 3013 1364 3084 desipere.
1380 3012 1467 3065 Favet
1479 3013 1546 3067 lmic
1560 3013 1728 3086 conjectura

947 3101 1053 3158 Zenob.
1071 3106 1098 3169 b,
1118 3097 1166 3168 51,
1184 3096 1307 3157 Κέσκον
1321 3096 1430 3153 οἰκεῖν
1454 3096 1550 3164 ιπολις
1567 3100 1726 3180 Παμφυλίας

947 3186 1071 3257 ἀνοήτων.
1096 3185 1153 3244 ὅθεν
1174 3184 1219 3242 καί
1238 3180 1369 3261 παροιμία
1397 3184 1485 3260 γέγονε
1518 3187 1645 3246 Κέστιον
1669 3192 1727 3248 οὐχ

947 3275 1075 3354 έχοντα
1090 3271 1132 3331 ἔτί
1150 3272 1201 3328 τῶν
1213 3274 1272 3327 νοῦν
1289 3269 1326 3346 μὴ
1343 3269 1474 3350 ἰχόντων,
1492 3274 1542 3328 ubi
1556 3276 1652 3332 itidem
1668 3277 1727 3336 Κέ-

948 3385 1030 3421 σκον
1044 3363 1185 3420 οἰκοῦσα
1199 3362 1373 3433 scripserim‚
1388 3360 1468 3434 quod
1480 3364 1606 3417 comicus
1619 3364 1654 3420 de
1666 3385 1728 3421 mu.

947 3441 1014 3508 licre
1028 3452 1110 3507 stulta
1126 3449 1227 3505 dixisse
1239 3447 1363 3506 videtur.
1387 3450 1515 3521 Denique
1538 3451 1729 3525 Diogenianus

949 3541 975 3611 5,
1004 3540 1057 3607 ὅτ,
1082 3536 1217 3597 Κίσκιον
1247 3536 1361 3610 (malim
1395 3532 1564 3611 Κεσκέιον)
1600 3539 1725 3606 πόλιςς

949 3629 990 3686 ἐπὶ
1010 3630 1061 3686 τῶν
1084 3624 1210 3697 ἀνοήτων.
1234 3624 1257 3682 οἰ
1272 3621 1323 3702 γθρ
1336 3624 1362 3678 ἐν
1393 3619 1475 3699 ταύτῃ
1495 3620 1676 3692 κατοικοῦντες
1696 3632 1727 3706 τῇ

948 3719 1022 3778 πόλει
1037 3719 1157 3776 τοιοῦτοι.
1171 3715 1268 3788 ltaque
1281 3715 1381 3788 triplex
1396 3714 1544 3787 proverbii
1556 3713 1728 3785 formarat,

950 3808 1051 3866 Κέσκον
1067 3806 1157 3873 οἰκεῖς,
1180 3801 1302 3862 Κεσκίων
1316 3801 1403 3870 πολις,
1419 3802 1453 3864 εἰς
1475 3796 1586 3858 Κέοκον.
1601 3803 1730 3877 Quorum

949 3895 1028 3969 quod
1043 3895 1143 3949 ultimo
1155 3894 1220 3946 loco
1233 3891 1331 3965 posui,
1342 3887 1482 3963 significat
1496 3887 1569 3944 ἄπιθι
1581 3890 1616 3953 εἰς
1628 3889 1729 3948 Κέσκον

948 3981 993 4037 καί
1003 3985 1058 4037 πῖθι
1069 3982 1098 4036 ἐκ
1108 3979 1174 4036 Νοῦ.
1190 3976 1338 4032 Proverbii
1349 3976 1384 4039 εἷς
1398 3977 1466 4033 Νοῦν
1477 3976 1558 4032 ἐλθεῖν
1572 3980 1730 4052 exemplum

949 4070 1037 4124 habes
1053 4071 1082 4122 in
1106 4067 1221 4122 oraculo
1243 4083 1291 4137 ap.
1309 4064 1485 4118 OEnomaum
1510 4063 1614 4120 Euseb.
1640 4067 1727 4140 Praep.

949 4178 993 4214 ον.
1014 4157 1040 4225 5,
1053 4177 1081 4230 p.
1097 4156 1169 4220 aab,
1185 4158 1218 4208 Α.
1240 4178 1251 4198 ν
1269 4154 1357 4206 Meiu.

1302 4283 1369 4338 τι5ι

992 4403 1082 4468 Idem,
1097 4393 1372 4470 Κιλίκιοιτροίγοι
1391 4416 1395 4448 ;
1415 4391 1470 4448 ἀντὶ
1484 4395 1527 4447 τοῦ
1547 4391 1642 4453 δασεῖς.
1659 4396 1730 4448 Coa.

952 4490 1143 4567 κιγκιόπραγοι.
1170 4485 1297 4542 Correxit
1324 4483 1530 4538 schleusnerus.
1558 4508 1568 4527 «
1584 4481 1656 4537 llluil
1681 4503 1730 4536 co-

951 4583 1033 4648 mici,
1056 4579 1176 4633 incultos
1199 4585 1227 4629 et
1247 4573 1381 4628 barbatos
1410 4571 1539 4626 homines
1566 4571 1728 4634 irridentes,

952 4666 1198 4727 dixissovidentur.
1209 4662 1384 4717 blacariusin
1394 4661 1496 4728 Walzii¹
1507 4663 1605 4716 Arsen.
1619 4682 1647 4735 p.
1662 4663 1732 4737 319:

955 4754 1068 4816 Κιλίκιοι
1083 4751 1174 4828 τράγοι
1194 4751 1236 4806 ἐπὶ
1259 4750 1309 4806 τῶν
1332 4749 1483 4805 δασυτοίτων
1504 4747 1549 4804 καὶ
1564 4751 1733 4825 θρασυτάτων

955 4843 1028 4918 (hac
1043 4843 1125 4897 fuisse
1139 4849 1223 4914 puto,
1239 4838 1438 4909 comparativis
1455 4839 1611 4908 usurpatis,
1626 4848 1655 4890 ut
1668 4857 1733 4909 pas-

133 4951 1733 4982 Μ

485 5025 546 5077 aba.

124 5106 449 5180 Eramaliquaudo.oram
458 5122 487 5161 οι
499 5108 533 5162 iis
542 5107 588 5177 qui
599 5105 626 5160 la
638 5104 726 5161 verbio
735 5102 903 5175 superbiant.

483 5199 547 5251 θθθ.

122 5282 217 5338 Hiems
230 5298 316 5354 quum
329 5291 410 5348 osset,
423 5290 477 5338 tros
490 5282 573 5339 lanas
587 5279 692 5337 iuratus
704 5287 752 5335 ost.

1310 5010 1371 5058 2⁰9.

957 5103 1097 5157 Musarum
1111 5096 1278 5169 placidorum
1295 5092 1371 5148 favus
1385 5091 1558 5163 (ιόρῖιοιίοι.
1570 5098 1577 5144 1·

1308 5186 1370 5234 ili.

960 5278 998 5331 Νυ
1013 5282 1147 5343 loquare
1161 5269 1212 5324 lior
1227 5267 1332 5323 rrsrira.
1346 5315 1348 5320 .
