3917 5950
263 518 320 568 228

261 636 377 696 δείδουσ’
397 636 468 706 ictis
480 635 570 715 ἀργόν.
586 639 611 713 β.
630 632 774 695 Μανθάνω.
787 632 800 657 ”
817 627 1009 711 Ἐγρηγορυίας
1021 627 1043 687 δ’

261 727 326 786 eleb
337 728 364 785 αί
378 724 519 805 παροψίδες
538 714 617 781 αὗται
640 722 718 799 μόνω
731 721 863 800 κρείττους
880 718 946 778 πολὺ
960 719 1045 798 χρῆμ’

262 813 401 886 εἷςήδονὴν
408 815 424 846 ⁴*
432 810 606 884 ηταλλαδεῑν.
615 812 644 868 οδ
651 809 702 889 γάρ
711 832 779 873 τινος
789 806 931 888 παροψίδες
941 805 991 863 ἐἴτ’
999 807 1044 863 άν-

260 902 358 961 τιδολῶ
366 924 406 962 σε.
418 929 429 952 ι
440 905 484 959 Ita
493 902 552 957 haec
561 899 719 957 secundum
737 899 826 953 libros
839 895 943 952 edebat
955 894 1044 950 blein.

261 1004 290 1048 et
310 1011 363 1066 pro
375 991 557 1048 conclamatis
575 988 708 1046 habebat.
727 988 786 1042 Nec
807 983 908 1040 leviter
928 980 1046 1058 quidem

262 1090 397 1153 corrupta
408 1073 636 1148 sunt5adjuvant
648 1085 743 1129 tamen
753 1072 884 1128 nonnihil
892 1070 1047 1127 correctio-

264 1186 328 1222 nem
341 1170 405 1234 VL,
429 1166 459 1220 in
480 1165 585 1238 quibus
603 1163 707 1238 legitur
729 1157 896 1238 ίγρηγορυῖαι
918 1169 948 1215 et
970 1147 1047 1228 ἧνται

263 1256 311 1331 (1³.
324 1255 391 1330 ητα)
405 1252 505 1314 λαδεῖν.
521 1256 613 1331 igitur
621 1254 716 1310 omine
728 1252 819 1308 fausto
833 1250 988 1306 scribamus

312 1416 341 1453 α.
362 1388 452 1454 Γυναὶ
466 1379 642 1453 καδεόδουσ’
660 1385 694 1451 αἱ
711 1382 904 1476 στόμαργοι..
923 1386 1046 1547 βθΜαν·

970 1505 1043 1546 ανω.

312 1616 342 1655 α.
373 1585 568 1683 βγρηγορυῖαι
584 1581 613 1653 δ’
631 1585 704 1652 είσὶν
724 1589 756 1652 αἱ
771 1577 936 1677 παροψίδες

373 1695 462 1761 αὗται
471 1694 560 1787 μόνον
574 1700 709 1786 κρεῖττον
722 1692 798 1758 πολὺ
811 1697 904 1784 χρῆμ’
921 1690 963 1766 εἰς
973 1681 1048 1762 ἡδο·

992 1800 1044 1870 νὴν

375 1905 393 1978 ἢ
410 1904 465 1982 τὰς
477 1900 593 1971 λαδεῖν.
606 1909 638 1990 β.
653 1903 698 1973 Oi
713 1905 771 1998 γάρ
790 1928 867 1981 τινες
883 1893 1049 1995 παροψίδες

314 2005 334 2079 5
375 2011 445 2098 εἴτ’,
462 2006 614 2080 άντιίολῶ
632 2035 678 2079 σι.

263 2177 352 2231 Versu
367 2173 383 2229 3
402 2170 518 2250 κρεῖττον
534 2170 592 2251 [sic
606 2174 681 2230 enirn
702 2172 976 2247 Schweiglraeusems
993 2187 1048 2245 pro

264 2259 408 2338 κρείττους)
424 2261 492 2318 πολὺ
514 2263 607 2339 χρῆμα
629 2262 700 2317 nihil
720 2260 799 2318 aliud
814 2270 856 2317 est
876 2279 962 2335 quam
980 2257 1048 2316 πολὺ

260 2349 405 2427 αρείττους.
425 2353 460 2408 V.
480 2357 496 2416 4
518 2347 565 2414 τὰς
586 2369 642 2425 pro
664 2346 774 2423 ταότας,
794 2368 835 2405 sc.
856 2346 904 2414 τδς
915 2345 1048 2423 γυναῖκας.

264 2468 304 2480 ·-·
316 2439 349 2492 in
362 2454 470 2511 nupera
481 2448 574 2493 tamen
592 2437 716 2494 editione
733 2437 857 2497 Meinelr.
868 2455 947 2493 mam
956 2435 994 2492 de
1006 2438 1050 2493 bis

262 2526 432 2580 sententiam
447 2526 575 2599 aperuit,
589 2525 629 2580 ita
644 2526 776 2598 scriptis:

313 2673 389 2743 rusi
403 2660 577 2735 ααδεόδοοσ’
595 2665 676 2734 ἐστὶν
692 2667 793 2760 άργόν.
813 2671 842 2751 β.
859 2666 1021 2734 Μανθάνω.

313 2807 343 2846 α.
363 2775 561 2874 δγρηγορυίας
572 2774 605 2847 δ’
618 2780 690 2846 εἰσὶν
706 2780 737 2846 αἱ
755 2773 935 2873 παροψίδες,

324 2893 412 2961 αὐταὶ
430 2893 518 2986 μόναι
533 2900 668 2988 κρεῖττον
679 2894 757 2961 πολὺ
773 2892 867 2989 χρῆμ’
881 2893 921 2972 εἰς
938 2886 1050 2971 ἡδονὴν

311 3007 537 3085 ἢκατσιλαόεῖν·
554 3019 587 3078 οὐ
604 3011 660 3105 γάρ
679 3037 758 3089 τινες
770 3002 933 3103 παροψίδες

313 3118 382 3201 εἴπ’,
397 3112 548 3184 deridetis
564 3140 617 3203 σε,

268 3303 280 3329 ι
293 3278 413 3336 Videtur
427 3279 544 3353 aliquis,
556 3280 648 3352 inquit
659 3319 668 3346 ,
680 3277 872 3335 dormientem
888 3279 1060 3358 mulierem,-

265 3367 383 3425 iortasse
396 3367 529 3441 luppiter
543 3369 705 3441 Europam,
725 3384 912 3441 oppressurus
930 3384 1000 3426 esse.
1017 3367 1051 3424 ld

264 3464 340 3510 vetat
361 3455 441 3512 alter.
456 3456 541 3528 iiam,
552 3455 659 3529 inquit,
675 3453 819 3512 dormiens
830 3454 936 3511 mulier
952 3455 990 3512 ad
1001 3474 1051 3513 re-

264 3560 362 3597 nerem
373 3543 473 3615 ignava
487 3551 544 3610 est,
560 3551 588 3597 at
599 3543 719 3617 vigilans
734 3543 939 3602 delicatissimis
955 3545 1051 3604 libidi-

264 3648 333 3686 uum
344 3629 424 3703 quasi
438 3628 654 3703 additamentis,
669 3628 808 3711 παροψίσι,
823 3646 851 3691 te
865 3635 972 3704 beabit,
988 3654 1051 3710 quae

264 3720 309 3774 vel
330 3719 391 3773 sola
416 3736 517 3792 perse
537 3719 734 3775 incredibilem
756 3731 785 3776 et
808 3723 855 3777 vix
877 3724 1051 3795 cogitatione

759 501 962 563 cottOEotAE
984 498 1148 561 iuratis
1167 498 1379 573 BELlQillAE.

1094 626 1168 707 βόαξ.
1186 632 1299 688 »Sensit
1312 633 1399 686 Mein.
1414 606 1528 704 poetam
1546 631 1648 687 dixisse
1665 620 1862 712 είλονεῑδςρῆρχ

1094 718 1163 794 Age,
1177 718 1356 776 absolvamus
1370 717 1598 774 emendationem
1612 721 1652 774 ita
1665 718 1831 790 scribendo,
1912 717 1913 724 ’

1140 838 1338 935 λλιιυόμενος
1353 842 1442 909 αὐτόν
1458 844 1525 910 ποθ’
1542 841 1621 911 εἷλον
1634 839 1787 942 άνδράχλιρ

1142 945 1221 1039 μετὰ
1232 939 1427 1041 πρημνάδων,
1437 944 1558 1015 κᾶπειτ’
1572 946 1678 1040 ἀφῆχ’,
1686 954 1734 1016 ὅτι
1746 951 1781 1026 ἦν
1793 956 1866 1039 βόαξ

1094 1094 1181 1149 Versu
1194 1112 1206 1149 1
1218 1090 1294 1150 αὐτὸν
1308 1093 1433 1149 secundo
1445 1095 1510 1150 loco
1522 1096 1618 1170 posui,
1633 1114 1670 1153 ne
1680 1096 1739 1154 duo
1754 1104 1868 1159 continui

1093 1191 1279 1254 sequerentur
1294 1182 1442 1256 anapaesti,
1460 1182 1541 1256 quod
1559 1184 1643 1238 vitari
1660 1185 1734 1242 solet
1753 1187 1867 1246 iambicis

1094 1269 1218 1325 senariis.
1232 1265 1448 1346 Τιτιαιίνδράχλιρ
1461 1268 1582 1325 ridicule
1595 1268 1705 1327 dictum
1720 1283 1819 1348 estpro
1836 1277 1865 1341 εἰς

1094 1352 1259 1433 άνδράχλην,
1274 1351 1454 1427 infucatum,
1470 1355 1507 1412 sd
1521 1357 1706 1430 coquendum
1725 1361 1754 1414 in
1770 1361 1865 1422 ioculo.

982 1480 990 1501 ι
1094 1441 1173 1498 Libri
1184 1443 1265 1499 PVL.
1279 1439 1432 1518 άνδράχμη,
1447 1444 1477 1499 C.
1492 1454 1521 1499 ci
1535 1442 1612 1518 Epii.
1626 1443 1772 1523 δνδρσχδῆ.
1784 1450 1868 1524 Respi.

1095 1531 1135 1586 cit
1153 1548 1265 1586 versum
1286 1541 1432 1606 grammat.
1445 1530 1534 1590 Belslr.
1554 1550 1584 1607 p.
1602 1531 1677 1605 383,
1700 1553 1747 1605 10,
1768 1531 1869 1594 Ἆλιενί-

1095 1637 1171 1692 μενος
1196 1638 1202 1672 :
1229 1615 1287 1674 ἀντὶ
1315 1620 1361 1674 τοῦ
1389 1614 1510 1680 ἁλιεύων.
1538 1616 1665 1681 Πλάτων.
1692 1624 1725 1678 V.
1757 1641 1784 1682 a.
1811 1624 1868 1694 Βόσξ

1094 1706 1172 1781 apud
1186 1707 1366 1764 Aristotelem
1382 1710 1418 1766 Η.
1435 1712 1471 1767 Α.
1491 1727 1519 1783 9,
1533 1707 1562 1784 3,
1577 1720 1698 1766 vocatur
1719 1707 1783 1788 βδνξ,
1797 1733 1868 1787 quern

1094 1797 1276 1873 gregatilibus
1294 1798 1420 1873 piscibus
1441 1804 1605 1856 adnumerat
1627 1796 1708 1877 (δλως
1728 1798 1755 1858 δὲ
1772 1802 1868 1878 άγελσῑά

1095 1883 1151 1941 ίστι
1161 1881 1194 1941 td
1201 1881 1299 1955 τοιάδε,
1309 1882 1433 1960 θυννίδες,
1448 1883 1690 1963 μαινίδες,αωόιολ,
1704 1889 1866 1976 βῶκες,τῖο].

1096 1973 1194 2032 Festus
1209 1994 1217 2032 ι
1232 1999 1244 2023 ι
1261 1971 1364 2029 bocas:
1378 1992 1466 2050 genus
1478 1977 1593 2050 pireisa
1606 1978 1737 2050 boando,
1750 1981 1771 2039 i.
1784 2000 1809 2040 e.
1824 1986 1868 2040 cia·

1095 2060 1214 2133 mand0,
1231 2061 1418 2138 appellatum,
1433 2089 1445 2113 ι
1460 2063 1553 2123 Bocas
1566 2066 1707 2142 intelligas
1721 2068 1808 2144 βῶκας
1822 2091 1867 2146 po-

1096 2151 1151 2206 tius
1173 2168 1259 2224 quam
1283 2170 1376 2207 casum
1395 2163 1505 2208 rectum
1526 2153 1676 2228 singularis
1697 2159 1823 2229 numeri,
1845 2175 1869 2215 ut

1096 2236 1235 2293 Gesnerus
1258 2237 1342 2293 Thes.
1364 2238 1385 2296 l.
1409 2239 1430 2293 l.
1451 2257 1479 2297 ν.
1501 2241 1589 2299 Bnca.
1616 2241 1746 2299 Isidorus
1773 2247 1866 2316 rs‚6:

1097 2345 1109 2373 ι
1126 2325 1225 2379 boccas
1241 2324 1343 2404 (immo
1359 2320 1457 2402 bocas)
1474 2326 1575 2383 dicunt
1588 2330 1675 2385 etiam
1689 2331 1778 2389 boves
1796 2337 1869 2389 mari-

1096 2428 1158 2480 nos,
1169 2413 1249 2486 quasi
1262 2412 1378 2472 boacas.
1394 2436 1406 2461 ν
1422 2412 1531 2468 Nomen
1549 2414 1725 2472 hodiernum
1741 2418 1822 2491 hujus
1832 2439 1869 2495 ge·

1096 2499 1172 2554 neris
1190 2500 1311 2573 piscium
1330 2501 1442 2576 ignoro,
1461 2502 1515 2556 nisi
1536 2501 1609 2558 forte
1623 2513 1666 2558 est
1688 2504 1870 2578 cataphractus

1097 2588 1195 2656 Linn.,
1207 2586 1308 2663 dequo
1319 2589 1363 2643 vir
1371 2588 1649 2649 doctissimusStein.
1658 2591 1775 2651 Harrbd.
1786 2595 1813 2651 d.
1824 2597 1870 2650 Να-

1098 2674 1234 2749 turgescit.
1243 2694 1270 2750 p.
1288 2693 1346 2751 ²²9
1362 2697 1368 2730 ε
1381 2700 1394 2728 ιι
1407 2679 1465 2732 Der
1480 2677 1655 2733 Knurrhadu
1670 2665 1869 2759 (Secinpicler),

1098 2765 1312 2840 cataphractus,
1330 2786 1368 2821 an
1379 2766 1434 2822 den
1447 2766 1621 2821 noerdliclren
1636 2769 1743 2824 Kristeu
1758 2790 1813 2825 von
1824 2773 1869 2825 Eu·

1097 2870 1167 2925 rupa
1179 2852 1239 2907 und
1251 2854 1393 2922 Amerilra,
1411 2855 1497 2925 δεεστ,
1513 2874 1594 2910 wenti
1603 2873 1636 2910 er
1646 2852 1793 2931 gefangen
1803 2861 1866 2924 asini,

1097 2941 1179 2994 einen
1192 2940 1367 2997 irwenden
1387 2942 1446 2998 Yon
1459 2941 1565 3013 lroeren,
1581 2945 1675 3001 deria
1692 2946 1748 3001 deu
1763 2948 1869 3004 Kiemm

1097 3027 1226 3086 entsteirt.
1250 3029 1293 3084 Er
1311 3031 1386 3085 wird
1408 3043 1481 3086 elwa
1500 3032 1518 3088 6
1538 3034 1604 3088 Zoll
1623 3036 1704 3106 lang,
1731 3035 1783 3090 hat
1801 3044 1869 3091 einen

1097 3132 1170 3172 vom
1183 3115 1381 3195 aedilurrtigeu
1396 3120 1457 3176 used
1474 3138 1531 3178 von
1547 3118 1734 3180 lnoecdemca
1752 3124 1869 3183 Scirildeu

1098 3208 1269 3278 urngebenen
1281 3209 1359 3279 Leib,
1375 3233 1387 3259 υ
1402 3218 1455 3266 etc.

1475 3321 1504 3381 3.

1138 3431 1316 3505 Pluynichus
1330 3437 1439 3508 Appar.
1452 3434 1570 3512 sophist.
1586 3454 1617 3511 p.
1632 3445 1682 3507 is,
1696 3437 1727 3515 5,
1743 3436 1869 3519 Ἡμημί·

1098 3539 1170 3575 νουν
1189 3541 1195 3573 :
1211 3520 1264 3577 Πλ.
1279 3519 1351 3598 ίντῇ
1368 3521 1435 3601 Εὔρ.

1256 3686 1312 3746 lx,
1330 3687 1431 3747 ΖΕΥΣ
1450 3686 1725 3752 ΚΑΚΟΥΜΕΝΟΣ.

265 3804 561 3880 comprehendendam
586 3806 763 3882 voluptatem
788 3809 921 3869 esserunt.
950 3813 1051 3870 Nonne
1138 3856 1150 3880 ς
1166 3832 1276 3888 Titulus
1290 3832 1392 3889 fabulae
1407 3834 1445 3891 ad
1460 3837 1558 3891 nescio
1581 3854 1669 3910 quam
1683 3839 1763 3894 10,ss
1777 3850 1865 3899 ςοῃιῃ.

266 3896 342 3948 enim
350 3912 418 3949 vere
426 3890 539 3971 παροψὶς
548 3891 625 3950 ested
636 3891 673 3968 pi
686 3892 775 3974 σφόδρ’
783 3886 849 3953 εἶναι
857 3893 933 3954 πάνθ’
946 3897 1050 3976 ἕτοιμα,

265 3980 318 4037 δεῖν
331 3979 360 4038 δί
380 4003 406 4038 τι
427 3981 570 4057 δγωνιᾶθαι
589 3979 636 4039 καί
658 3983 817 4061 ῥαπισθῆναί
835 4007 863 4042 τε
882 3985 927 4042 καί
948 3987 1052 4067 πληγδις

265 4066 355 4126 λαθεῖν
369 4067 499 4126 ἁπαλαῖσι
512 4068 617 4149 χερσίν,
633 4074 700 4128 Haec
713 4074 789 4128 enim
803 4072 871 4145 sere,
881 4093 944 4151 quae
953 4079 1049 4133 Timo-

265 4159 316 4213 clis
330 4159 418 4216 verba
430 4169 549 4234 suntap.
561 4159 663 4218 Athen.
681 4160 728 4230 νδ,
738 4180 770 4236 p.
788 4168 857 4233 470,
873 4165 906 4233 F,
919 4168 1050 4238 proxime

264 4259 329 4321 post
343 4243 470 4304 άντιδολῶ
485 4267 514 4304 σε
530 4249 761 4323 intuleritpoeta.
777 4277 788 4299 ν

641 4407 669 4442 2.

304 4515 384 4573 Idem
407 4537 434 4588 7,
448 4536 476 4593 p.
490 4517 598 4587 iamt?
617 4534 625 4575 2
642 4517 799 4598 πρημνάδας
819 4520 845 4578 δὲ
864 4520 910 4586 τὰς
931 4523 1049 4591 θυννίδας

265 4600 363 4677 ἔλεγον.
377 4603 430 4663 Πλ.
445 4604 510 4681 Eup.
525 4603 724 4682 «Ἁλιευόμενός
733 4609 792 4664 ποτ’
808 4605 884 4665 αὐτὸν
895 4598 984 4667 ἐἶδον
1000 4615 1049 4669 ἀν-

266 4687 373 4766 δράχμη
392 4687 461 4779 μετὰ
485 4691 658 4767 πρημνάδων,
678 4691 785 4752 κᾶπειτ’
799 4695 814 4724 ”
832 4696 930 4775 ἀφῆκεν
955 4696 995 4755 δτι
1016 4698 1048 4770 ἢν

272 4804 601 4817 u———n--uu-

265 5107 291 5148 ιι.
302 5088 429 5146 Mulieres
437 5089 577 5148 dormiunt
592 5091 753 5166 loquaces...
767 5093 794 5149 b.
808 5096 941 5168 intelligo.

179 5238 183 5247 Δ
265 5192 290 5234 a.
305 5175 358 5233 Sed
372 5185 533 5249 experrectu
547 5188 612 5236 sunt
627 5180 803 5253 paropsides,

265 5263 331 5320 solu
342 5261 387 5321 har
401 5263 480 5337 longe
497 5266 615 5337 potiores
630 5266 664 5324 ad
679 5265 872 5324 delectandum

759 4812 900 4821 -au-n—
928 4815 994 4823 μ-
1010 4818 1070 4825 .........

1097 3918 1210 3976 melium
1220 3918 1273 3995 [ci.
1282 3921 1431 3977 anmadfr.
1448 3922 1716 3999 1.Botlr.)spcctatt
1728 3930 1867 3984 muleenim

1097 4007 1174 4081 apud
1186 4006 1358 4075 Eudociam,
1370 4008 1578 4081 Andronicum,
1593 4024 1622 4068 et
1631 4013 1722 4073 schol.
1738 4018 1865 4091 Aristopb.

1098 4095 1164 4150 Pac.
1189 4101 1276 4169 rati,
1300 4096 1403 4170 legitur
1418 4095 1594 4172 καλούμενος,
1613 4119 1677 4176 quae
1692 4104 1794 4161 menda
1813 4105 1867 4160 oiim

1071 4200 1074 4295 ρ
1097 4182 1180 4237 etiam
1192 4182 1336 4238 Pollucem
1350 4200 1379 4252 7,
1401 4183 1466 4256 132,
1483 4187 1644 4245 obsidebat.
1662 4213 1675 4240 υ
1688 4192 1714 4246 ls'
1726 4193 1772 4250 M.

1449 4332 1475 4369 1.
1499 4333 1528 4374 ss·

1070 4394 1073 4503 ί
1135 4443 1237 4500 Athen
1251 4441 1339 4524 15,¹p.
1356 4444 1431 4512 666,
1446 4448 1474 4503 D
1492 4467 1498 4501 :
1523 4444 1639 4506 Πλάτων
1652 4444 1680 4505 di
1693 4450 1720 4507 ἐν
1731 4448 1775 4509 Διὶ
1786 4471 1868 4507 κακον·

1098 4528 1169 4607 μόνῳ
1180 4531 1288 4597 παιδιᾶς
1299 4522 1365 4599 εἶδος
1377 4530 1526 4612 πσροίνοιον
1537 4531 1583 4592 τδν
1594 4532 1725 4593 κότταόον
1739 4526 1802 4594 εἶναι
1811 4538 1865 4593 dm·

1096 4613 1215 4690 δίδωσιν,
1225 4618 1252 4676 δν
1264 4609 1282 4696 ᾔ
1296 4618 1431 4688 ἐξίσταντο
1444 4619 1491 4678 καὶ
1504 4623 1556 4680 τῶν
1568 4622 1716 4702 σκευαρίων
1726 4628 1749 4683 σί
1761 4624 1775 4655 ⁴¹
1786 4626 1865 4682 δυστυ·

1099 4700 1212 4771 δοῦντες.
1226 4704 1297 4781 λίγιι
1306 4709 1329 4764 δ’
1343 4707 1433 4775 οὕτως·

1336 4823 1864 4838 -ω--ω

1097 4885 1179 4941 quam
1192 4872 1214 4927 si
1225 4872 1288 4928 istas
1300 4870 1436 4930 adhibeas.
1449 4875 1476 4930 b.
1488 4876 1608 4934 Ubinam
1618 4877 1704 4949 igitur
1711 4883 1775 4934 sunt
1783 4877 1867 4948 αόςυο

1097 4955 1216 5013 obtestor
1227 4966 1266 5014 te·
1690 4960 1865 5035 [Ρθῑθδῦίίεεθ

1097 5183 1204 5242 Piscens
1215 5183 1362 5257 aliquando
1374 5187 1433 5259 cepi
1443 5201 1506 5242 eum
1517 5184 1552 5242 ad
1564 5185 1689 5243 foculum

1096 5288 1159 5329 cum
1174 5273 1305 5341 diurnis,
1319 5273 1416 5330 deinde
1428 5272 1536 5343 dimisi,
1551 5275 1613 5347 quia
1627 5285 1685 5332 emt
1702 5276 1764 5334 hor.
