3917 5950
413 678 443 720 vr
951 666 1167 726 PRAEFATIO.

409 792 540 889 arguta
553 775 848 865 adumbratioires
868 796 945 864 sine
961 797 1012 865 rei
1035 796 1081 866 de
1099 821 1171 892 qua
1196 798 1312 891 agitur
1328 798 1524 893 specimine
1541 799 1681 869 sincero
1700 814 1736 870 et

393 918 396 927 ’
410 920 532 989 nativo
548 919 781 989 documento.
804 922 885 988 Haec
908 919 1016 1013 igitur
1034 920 1105 989 veri
1121 934 1230 1016 atque
1246 919 1352 990 solidi
1371 920 1481 991 studii
1497 922 1533 991 in
1551 924 1683 993 Graeeis
1696 924 1736 994 li·

409 1044 495 1112 teris
512 1043 658 1112 materia
675 1066 720 1112 ne
741 1040 878 1111 diutius
895 1040 1159 1112 desideraretur
1173 1044 1210 1111 in
1228 1042 1342 1114 Gallia
1359 1059 1500 1130 nostra,
1515 1060 1602 1114 ante
1611 1048 1734 1116 omnia

408 1163 705 1260 prospiciendum
733 1187 810 1233 esse
839 1162 982 1259 putavi,
1014 1186 1233 1259 quamquam
1264 1163 1378 1258 probe
1413 1164 1568 1235 sciebam
1601 1165 1733 1236 molem

409 1310 517 1381 quam
547 1285 652 1357 volvo
671 1288 722 1357 sic
738 1287 888 1357 immani
911 1286 1074 1381 pondere
1089 1303 1236 1357 anctum
1258 1288 1312 1356 iri.
1340 1287 1411 1357 Sed
1434 1287 1521 1382 quid
1544 1312 1610 1357 non
1625 1297 1733 1359 vineit

407 1432 502 1476 amor
517 1410 639 1502 patriae
654 1407 761 1477 simul
775 1422 812 1478 et
826 1413 1028 1480 Graeearum
1051 1406 1257 1479 literarum?
1274 1412 1355 1479 Non
1374 1408 1485 1481 modo
1505 1424 1622 1508 partes
1637 1411 1734 1481 voiu-

408 1535 563 1616 minum,
582 1533 644 1604 sed
658 1535 796 1628 integra
821 1534 1006 1606 volumina
1022 1558 1096 1604 non
1113 1557 1226 1631 pauca
1247 1550 1282 1605 et
1299 1533 1433 1629 majore
1454 1536 1581 1606 ceteris
1595 1535 1733 1633 impen-

406 1655 469 1726 dio
492 1680 577 1727 enm
600 1657 636 1727 in
653 1654 764 1728 finem
784 1656 1006 1727 Bibliothecae
1026 1671 1155 1727 nostrae
1171 1657 1368 1751 adjecimus
1377 1658 1442 1753 (¹³),
1463 1673 1518 1746 ut,
1536 1683 1603 1728 suo
1624 1658 1731 1754 digna

408 1782 572 1868 nomine,
587 1781 711 1881 omnia
726 1779 868 1875 colligat
885 1795 920 1851 et
938 1781 1012 1850 suis
1034 1779 1122 1850 locis
1143 1794 1295 1877 reponat
1314 1805 1551 1877 quaecumque
1570 1806 1612 1852 ex
1628 1784 1730 1876 graeci

406 1903 541 2000 ingenii
560 1905 808 1976 monumentis
822 1904 964 1998 scriptis
983 1903 1169 1974 interitum
1187 1902 1400 1998 attingerant.
1417 1907 1484 1992 lta,
1496 1906 1730 2001 superstitum

408 2027 583 2125 fulgorem
604 2028 767 2123 undique
783 2028 950 2121 cingente
970 2026 1194 2123 perditorum
1211 2027 1339 2097 umbra
1360 2028 1540 2111 tenuiore,
1561 2043 1729 2123 tanquam

406 2148 528 2221 tabula
543 2148 688 2220 artificis
703 2173 814 2221 mann
831 2149 926 2244 picta
937 2148 1060 2245 prodit
1074 2140 1208 2220 Graecia
1222 2147 1372 2219 literata.

395 2248 397 2252 ι
449 2267 556 2342 Hanc
574 2272 730 2341 instituti
747 2272 817 2341 mei
830 2285 967 2367 partem
986 2270 1109 2366 paullo
1121 2270 1290 2341 disertius
1304 2273 1615 2344 commemorandi
1631 2299 1730 2345 occa-

404 2395 544 2465 sionem
562 2393 795 2488 praehuerunt
816 2391 1011 2463 Comoedire
1026 2408 1215 2488 poetarum
1240 2392 1434 2489 fragmenta
1451 2412 1581 2467 cuncta
1602 2397 1639 2466 in
1660 2395 1730 2468 hoe

403 2514 590 2586 volumine
610 2514 881 2612 comprehensa.
910 2519 972 2586 Est
989 2515 1087 2584 enim
1105 2512 1164 2583 ilia
1184 2538 1332 2611 qnoque
1348 2516 1441 2586 inter
1456 2517 1603 2589 acerbas
1613 2517 1728 2612 jactu-

404 2663 476 2724 ras,
491 2662 581 2735 quas
596 2637 702 2733 longa
718 2654 922 2735 temporum
938 2637 1120 2708 barbaries
1139 2637 1246 2707 nobis
1263 2637 1406 2709 inflixit.
1426 2642 1478 2709 De
1500 2640 1604 2735 cujus
1621 2665 1728 2736 gene-

404 2759 506 2830 ribus
520 2782 644 2856 pauca,
661 2784 740 2855 quar
752 2761 983 2857 potissimum
996 2759 1151 2830 tenenda
1164 2774 1267 2846 sunt,
1284 2759 1320 2829 in
1336 2761 1544 2831 universum
1555 2760 1729 2833 disserere

402 2882 501 2953 iiber.

453 3010 498 3075 Ut
514 3020 631 3077 cetera
645 3006 781 3101 poesis,
802 3006 850 3075 ita
866 3004 1051 3076 Comoedia
1070 2999 1201 3101 graeca,
1218 3030 1302 3077 cum
1319 3006 1501 3080 Bacchicis
1518 3010 1626 3080 sacris
1640 3033 1727 3081 con-

306 3169 309 3174 >
400 3130 549 3222 juncta,
569 3128 743 3200 obscuras
761 3128 887 3199 habuit
902 3130 1058 3224 origines
1071 3130 1224 3225 primas,
1242 3129 1288 3200 de
1301 3101 1436 3237 quipus
1452 3133 1520 3229 ipsi
1544 3147 1679 3203 veteres
1694 3148 1729 3202 et

432 3388 463 3446 (³)
480 3384 559 3433 titiam
571 3384 591 3433 ai
605 3396 653 3447 qna
669 3382 828 3444 eognovimus
838 3382 927 3433 nediu
938 3382 1072 3442 maman
1082 3385 1126 3432 aut
1137 3386 1251 3445 excerpta
1262 3383 1352 3432 serrari
1363 3384 1388 3432 in
1401 3383 1565 3446 bibmthaair,
1579 3397 1676 3447 operam
1688 3387 1729 3436 rie-

401 3471 491 3532 dimua,
505 3474 532 3521 ut
543 3471 581 3519 tria
594 3482 692 3533 quoque
706 3474 817 3521 veterum
831 3470 975 3532 rertptnrura
987 3469 1094 3535 reliquiar
1103 3471 1256 3532 manantur.
1269 3469 1309 3519 sta
1324 3481 1397 3519 aaran
1407 3472 1487 3532 partas
1499 3471 1614 3522 librarem
1624 3473 1728 3535 Dionysii

402 3556 623 3619 iiaiioarnassensis,
635 3558 736 3621 Dexippi
746 3562 771 3608 et
781 3559 938 3620 fragmentum
951 3559 1050 3607 unicum
1061 3557 1260 3608 ioninnhiatnrie
1272 3557 1366 3606 Eurebii
1378 3558 1521 3621 proiuiimna
1533 3574 1565 3609 aa
1577 3560 1729 3610 commodari

401 3644 549 3709 nominas.
564 3647 739 3708 Excerptorom
753 3646 831 3708 eapite
844 3647 901 3709 napi
919 3646 1069 3709 πολιορκῶν,
1083 3644 1170 3708 partim
1178 3643 1251 3694 aiiato
1267 3657 1296 3693 ea
1316 3644 1409 3694 Gracia
1426 3643 1559 3695 aiiiooide
1569 3648 1653 3706 Mindi
1671 3647 1730 3696 atiaa

401 3738 481 3795 partas
492 3732 569 3795 magia
582 3732 722 3794 comnenae
741 3732 849 3793 ahmam
861 3732 981 3794 Dionysii,
996 3744 1068 3795 porro
1084 3730 1176 3793 ruistri
1187 3733 1213 3780 et
1229 3729 1343 3789 Diodori.
1362 3743 1392 3780 ax
1407 3731 1539 3780 eorundem
1553 3734 1728 3794 Exceptornm

400 3820 479 3880 eapite
489 3822 547 3882 ssipi
558 3819 689 3869 torneator
700 3820 722 3868 in
737 3819 895 3868 Bacuriatenai
904 3818 1050 3869 iriiriiottreoa
1060 3820 1191 3878 meran,
1201 3820 1333 3878 prasertim
1344 3830 1399 3866 vero
1410 3818 1557 3880 amplissima
1564 3820 1590 3868 at
1598 3819 1687 3868 summi
1697 3820 1728 3869 ad

399 3919 496 3955 omnem
513 3919 564 3956 rem
581 3905 718 3955 historicam
732 3906 849 3955 momenti
866 3909 979 3968 excerpta
996 3904 1156 3956 itistoriarum
1170 3903 1260 3954 ttioniai
1272 3905 1428 3964 Damasceni,
1438 3917 1453 3953 a
1463 3904 1557 3954 tliiiero
1566 3904 1629 3954 iiiios
1640 3904 1727 3954 trintin-

399 3995 476 4043 tiraooe
491 3993 644 4056 exptoratore
662 3991 757 4041 turen
770 4007 776 4039 :
792 4003 848 4056 qam
863 3992 888 4040 in
908 3993 1049 4054 nnpaaian
1062 3990 1153 4042 aoatrh
1165 3990 1301 4052 sumptibus
1313 3991 1433 4051 protentae
1446 3991 1516 4053 piena
1528 3995 1553 4041 at
1567 3996 1676 4041 anaante
1688 3991 1728 4042 de·

399 4083 488 4144 scripta
499 4081 584 4132 retunt
595 4084 623 4131 c.
637 4079 764 4131 ittiiierua.
779 4079 845 4130 idam
857 4095 871 4129 a
883 4080 1006 4130 codicibna
1018 4080 1131 4130 Parniaia
1140 4083 1193 4129 tum
1203 4077 1446 4128 Panodoraiiiaiirenia
1456 4090 1519 4141 opus
1531 4079 1660 4139 protraxit,
1675 4083 1727 4129 tour

399 4170 530 4232 iragmenta
554 4169 654 4218 ioannis
675 4169 816 4220 antiocneni
835 4169 943 4218 adauxit.
959 4168 1004 4218 ilia
1020 4182 1082 4218 nora
1096 4181 1151 4217 mox
1166 4169 1191 4216 in
1208 4167 1322 4218 Arruntio
1339 4169 1536 4228 immaniorum
1555 4168 1727 4218 ttiatonoorum

399 4258 528 4317 mordent,
540 4268 595 4317 nure
607 4269 636 4305 ax
648 4254 710 4304 iibro
725 4255 887 4305 Eronmtenai
898 4254 1089 4305 Busaunairerus
1100 4254 1232 4316 (imminit.
1244 4256 1268 4304 la
1280 4253 1344 4302 anim
1356 4264 1421 4302 nuno
1431 4253 1509 4314 ipsum
1520 4254 1545 4302 in
1556 4254 1678 4327 Hispania
1689 4254 1727 4303 bi-

398 4343 525 4395 btiotiroeis
537 4349 658 4404 venatur,
672 4344 736 4394 anda
747 4344 798 4405 ina
817 4344 949 4393 Aristotetis
959 4343 1108 4404 prnirteaarn
1122 4341 1211 4391 inedita
1228 4341 1291 4391 eruit
1305 4346 1392 4390 anna
1406 4339 1503 4390 adtdoai
1520 4341 1653 4402 inseranda,
1664 4357 1725 4402 pre-

398 4438 464 4485 terea
476 4433 576 4483 tabelias
588 4446 618 4482 ex
635 4433 721 4482 Babrio
741 4443 868 4495 exprnaaaa
882 4423 976 4493 titique
992 4431 1091 4481 minori·
1104 4429 1230 4481 momenti.
1243 4427 1338 4478 inedita
1350 4426 1474 4490 complura
1488 4429 1512 4478 in
1528 4430 1725 4492 Goograptrorum

399 4524 518 4571 itinerum
533 4521 696 4571 notaminibus
708 4519 853 4582 prodibunt,
870 4525 987 4582 preterea
999 4520 1114 4569 Prisciani
1133 4515 1270 4581 piriinaopiri
1283 4529 1345 4578 opus
1361 4515 1384 4564 in
1397 4516 1483 4566 Piotini
1502 4518 1640 4578 rotumiue,
1653 4522 1678 4567 et
1695 4532 1724 4572 ex

398 4609 481 4658 audire
494 4607 620 4659 Pannonii
632 4609 741 4658 narratio
749 4606 784 4657 da
795 4606 920 4670 aporiam
932 4608 1023 4670 ryrio,
1034 4607 1092 4657 otim
1101 4619 1131 4656 aa
1141 4602 1354 4669 interpolatissimn
1366 4605 1503 4664 nugonem
1511 4603 1583 4653 edita.
1597 4607 1724 4654 Poetuum

397 4708 531 4756 manorum
546 4700 602 4744 ante
620 4696 742 4757 incognita
759 4694 893 4757 numeru
907 4694 1091 4744 Letronniuaaa
1103 4699 1198 4756 papyro
1208 4692 1281 4752 aruit,
1297 4692 1327 4740 ai
1339 4691 1430 4740 cairam
1441 4689 1619 4750 artatoptanis,
1632 4690 1657 4739 in
1667 4691 1725 4739 aiio·

398 4797 445 4845 qua
461 4777 583 4833 volumine
596 4782 726 4833 Dnbnorua
739 4797 769 4831 ox
788 4781 888 4844 antiqno
909 4782 993 4832 codiee
1013 4782 1152 4832 Florentino
1175 4780 1272 4829 initium
1289 4784 1314 4828 et
1338 4777 1492 4840 paraphrasin
1509 4778 1594 4837 integri
1614 4777 1725 4826 ceraunis

398 4873 498 4923 Maximi
513 4875 564 4937 aspi
576 4879 714 4937 καταρχῶν,
728 4873 799 4933 onina
810 4874 944 4922 extremam
955 4871 1030 4934 modo·
1040 4879 1132 4934 partem
1148 4875 1267 4920 tenemus.
1283 4870 1333 4918 Alia
1343 4868 1400 4916 aiibi
1414 4880 1477 4916 nora
1492 4881 1521 4916 ex
1534 4866 1657 4916 tunicabor
1668 4879 1722 4927 pro·

397 4962 485 5022 ducta‚
496 4962 629 5024 prmum
646 4963 670 5010 iu
680 4961 777 5010 introitis
786 4976 794 5020 ς
804 4960 846 5009 itta
855 4966 937 5010 autem
946 4974 1004 5022 quaa
1015 4961 1051 5009 rir
1065 4958 1208 5009 immortalis
1216 4957 1320 5018 angen
1331 4955 1408 5006 iiaiua
1417 4956 1505 5015 atiinua
1514 4956 1665 5012 detexerunt,
1675 4954 1725 5002 suis

398 5062 501 5111 qrrreqne
517 5047 593 5111 loeis,
607 5051 634 5099 ui
648 5061 746 5110 oeqnnm
760 5049 820 5106 erat,
831 5046 926 5097 reddite
940 5052 963 5096 et
971 5047 1114 5109 pierumque
1124 5044 1287 5094 emendatiora
1301 5044 1444 5092 reteruntnr.
