3917 5950
613 504 617 511 '
716 506 912 569 canalaus
933 508 1087 567 titulun.
1400 544 1403 549 ·
1639 530 1703 587 aas»

89 639 127 703 ὡς
146 637 191 694 καλ
205 639 289 693 ταῦτα
304 635 360 707 ιῖδη
372 636 545 713 χιτωνίσκων.
564 616 684 715 μἘγριγτε,
704 641 741 696 ad
758 640 881 698 venden-

91 728 177 802 dum,
188 738 269 801 puto.

280 867 330 925 IV.
356 868 689 931 ntearoalzurxtt.

928 667 941 692 ε
959 641 1061 698 Similis
1080 644 1279 697 vaticiniorum
1300 645 1380 698 color
1396 647 1472 720 apud
1494 651 1706 723 Aristophanem

926 732 979 806 Eq.
994 740 1067 806 ιο49
1079 729 1217 806 4996),οι
1228 734 1376 787 Horatium
1386 734 1442 790 Sat.
1462 755 1487 806 ι,
1499 756 1527 809 9,
1544 738 1590 793 31.
1603 765 1614 788 »
1629 742 1704 798 EM.

925 822 981 892 Qui
995 839 1029 876 ex
1044 838 1101 875 uno
1114 820 1213 876 codice
1229 821 1250 877 C
1267 820 1356 876 edidit
1368 822 1544 898 pernoctent,
1562 827 1604 881 his
1620 847 1708 882 anno·

924 910 988 964 tatis
1000 928 1006 961 :
1026 933 1037 958 ι
1051 908 1161 963 fabrum
1171 910 1320 964 ferrarium
1331 929 1382 964 cur
1394 910 1470 965 dicat
1482 913 1638 985 Cmydum,
1650 935 1708 970 non

133 1003 218 1075 Diog.
232 1003 328 1057 Laert.
350 999 380 1074 8,
399 1000 449 1071 37,
465 1012 495 1056 et
509 1001 576 1055 hinc
593 1001 694 1057 suidas
713 1020 740 1060 v.
760 1001 877 1079 Ξενοφό·
923 998 1076 1072 perspicio.
1099 998 1171 1052 Num
1193 993 1359 1074 χαλκότυπον
1381 998 1436 1071 (sic
1456 1000 1539 1074 PVL)
1565 1005 1708 1077 explican-

90 1111 139 1158 νης
153 1110 160 1144 :
175 1086 408 1166 ἔσκωψιδίαῦτδν
423 1090 712 1168 (PythagoramJKp,
726 1088 880 1166 phion„-
925 1084 993 1140 dum
1017 1085 1119 1161 χαλκοῦ
1146 1080 1351 1163 κεκρατημένον,
1374 1105 1408 1141 ex
1434 1104 1488 1142 are
1517 1088 1624 1145 factum
1649 1093 1708 1147 sive

90 1173 275 1254 δαγοριζοιίοῃ·
288 1174 356 1233 ἀλλδ
367 1175 412 1234 καὶ
423 1177 449 1233 ἐν
459 1176 640 1259 Ταραντίνοις,
655 1190 711 1239 etc.
729 1205 742 1230 a
756 1182 876 1241 amobe,
924 1191 1050 1245 aenenm,
1065 1183 1183 1247 propter
1201 1175 1320 1230 invictas
1336 1175 1453 1229 manus?
1469 1203 1481 1225 υ
1499 1177 1575 1232 Nihil
1591 1190 1709 1233 contor-

89 1265 328 1338 Pytlmgomnsa.
347 1267 438 1321 Etiam
456 1267 551 1322 Alexis
562 1268 673 1344 scripsit
688 1267 879 1347 Πυθαγοριζου.
925 1264 979 1317 tius
992 1261 1156 1336 duriusque.
1168 1265 1256 1318 Recte
1267 1273 1358 1319 tamen
1371 1264 1408 1319 ad
1418 1266 1563 1340 vulgatum
1576 1264 1709 1343 χαλκότυ-

90 1374 156 1410 σαν.
180 1354 316 1429 Diogenis
338 1353 405 1409 libri
428 1353 487 1410 fere
510 1353 877 1434 Ποδαγορικοῖς,.ΑειιιιιλοΙ.
925 1370 973 1406 πον
987 1349 1071 1404 rediit
1084 1353 1128 1405 vir
1140 1350 1319 1424 doctus3sed
1333 1352 1389 1406 hoc
1409 1353 1493 1426 longe
1509 1354 1587 1410 alind
1600 1354 1707 1429 signifi·

89 1442 300 1519 Πυθαγορικαῖς,
316 1444 444 1499 Formo
461 1444 645 1499 scribendum
666 1457 707 1502 est
728 1443 879 1522 110027095.
925 1455 990 1492 care
1014 1438 1158 1508 arbitror,
1184 1439 1241 1493 scil.
1272 1440 1457 1513 stigmatitnn,
1490 1440 1602 1496 ardenti
1631 1442 1707 1497 ferro

87 1531 182 1599 ζουσι,
194 1530 334 1587 attitulas
342 1531 445 1587 fabulae
461 1531 546 1587 suerit
561 1532 880 1612 Πυθαγοριζονης,
924 1535 1034 1591 ustum,
1049 1535 1081 1579 ut
1094 1527 1238 1581 luvenalis
1250 1537 1315 1580 utar
1329 1527 1422 1582 verbis
1439 1530 1497 1582 Sat.
1519 1535 1562 1596 ι4,
1586 1548 1632 1584 aa.
1647 1532 1707 1584 hia·

89 1618 177 1691 quod
187 1637 223 1675 0¹
236 1618 473 1676 codjoevedjdit
485 1618 697 1694 Bernhardyug,
713 1646 726 1675 .
738 1624 765 1677 Ε
775 1625 818 1678 Μ,
925 1611 1023 1668 lelicus
1034 1615 1119 1687 igitur
1132 1614 1184 1669 fuit
1195 1616 1246 1670 iste
1261 1614 1405 1687 Corydus,
1425 1617 1562 1691 furtisque
1576 1617 1707 1692 frequen·

341 1756 375 1813 v.
397 1756 640 1817 npncnn.
925 1700 1188 1857 thail-:taff
1207 1701 1709 1868 {tl‡.t.itf¹3i?¹i.tss.t‚‘¹2:2ss

133 1883 224 1958 Diog'.
238 1884 330 1943 Laert.
346 1883 455 1942 ibidem
477 1881 569 1942 εοίλλδ
593 1882 637 1941 καί
659 1885 686 1942 ἐν
707 1884 878 1960 Ταραντίνοις
925 1877 1040 1944 Facete,
1056 1878 1106 1950 qui
1127 1878 1187 1932 haec
1210 1877 1296 1947 dicit,
1314 1880 1548 1936 interlocutorem
1568 1882 1709 1938 abstinere

87 1966 173 2047 φησὶν
185 1966 280 2034 οὕτως,
922 1963 1004 2036 jubet
1018 1967 1190 2021 commercio
1206 1967 1268 2021 talis
1285 1966 1451 2042 nebulonis,
1475 1970 1497 2023 si
1515 1968 1631 2042 quidem
1649 1972 1708 2043 ipse

926 2052 1042 2125 credat,
1055 2070 1135 2122 eum,
1148 2055 1321 2125 quamvissic
1333 2055 1467 2124 ditatum,
1482 2056 1551 2110 nihil
1569 2058 1622 2112 sibi
1638 2056 1708 2112 olim

158 2097 166 2110 ε
241 2088 249 2107 ι
289 2084 297 2105 t
359 2090 368 2109 ι
411 2093 426 2107 κ
482 2082 495 2104 2
570 2085 605 2106 ιν
650 2090 658 2113 t
796 2090 801 2109 ι

142 2074 218 2161 ἰθος
237 2111 316 2151 ἐστιν
335 2112 455 2171 moig’
474 2112 568 2152 ww
597 2082 719 2160 ιδιωτην
736 2090 823 2154 ποθεν
925 2140 1083 2196 hereditate
1106 2141 1271 2195 relicturum
1292 2161 1351 2197 csse
1367 2139 1414 2215 (ἢν
1432 2142 1501 2216 μέν,
1522 2162 1580 2199 non
1596 2142 1650 2216 μή,
1666 2136 1707 2200 σοι

140 2185 280 2257 λοίόωσιν
297 2190 486 2277 εἰσελθόντα,
503 2187 735 2286 διαπειρώμενον

141 2307 202 2373 τῆς
222 2306 284 2364 τῶν
309 2299 409 2391 λόγων
430 2301 530 2391 ῥώμης
552 2296 626 2392 (γε)
644 2299 805 2391 ταράττειν
829 2300 881 2367 καὶ

788 2432 881 2472 κυκαν

140 2515 210 2583 τοῖς
226 2508 409 2593 ἀντιθέτοις,
425 2516 493 2586 τοῖς
513 2514 640 2599 πέρασι,
660 2520 724 2589 τοῖς
744 2516 880 2601 παρισώ·

786 2643 878 2709 ροισι,

88 2714 110 2784 5
139 2723 204 2793 τοῖς
226 2716 428 2805 οίποπλοίνοις,
450 2728 514 2797 τοῖς
532 2722 702 2813 μεγέθεσιν,
724 2719 880 2790 νουόυστι.

217 2850 219 2854 “
805 2838 877 2906 κῶς.

85 2936 187 2991 Etiam
202 2952 251 3016 ap.
265 2935 383 2994 Suidam
397 2939 418 3000 l.
435 2958 476 3010 c.,
491 2941 541 3014 qui
553 2958 583 2999 v.
602 2959 613 2995 ι
628 2937 674 2998 ίίιν
689 2939 723 2998 ίδ.
740 2940 777 3000 V.
793 2940 881 2998 αδια-

84 3020 266 3101 πειρωμένοις
278 3028 339 3085 Jos.
347 3028 480 3103 Scaliger.
494 3028 609 3084 versui
622 3030 758 3086 excidisse
767 3030 881 3086 videtur

85 3108 116 3184 γὲ
132 3129 196 3166 ποτε
210 3113 270 3169 sine
280 3112 447 3171 detrimento
460 3135 654 3175 numerorum.

358 3243 413 3303 vt.
435 3231 614 3304 ΤΙΤΑΝΕΣ.

127 3352 241 3411 Athen.
261 3353 290 3428 6,
305 3373 334 3428 p.
352 3362 420 3425 α4ι,
435 3354 473 3424 C,
489 3356 524 3412 de
544 3356 660 3429 Corydo
682 3357 806 3432 parasito
825 3357 878 3414 Co·

82 3438 236 3495 micomm
249 3443 407 3510 testimonia
420 3442 540 3500 afferens
554 3459 562 3501 ι
588 3443 637 3520 Κρ.
653 3442 675 3499 δ’
689 3445 704 3499 t
717 3441 839 3521 νεώτερος
853 3445 879 3500 ἐν

83 3526 202 3597 Τιτᾶσι,

192 3683 240 3694 -
255 3638 403 3734 Κόρυδον,
423 3647 473 3711 τὸν
490 3627 699 3734 χαλκότυπον,
712 3615 880 3735 πεφύλαξο,

141 3747 179 3821 ἢν
200 3752 254 3839 μέν
271 3775 316 3814 σοι
329 3757 439 3839 νομιεῖς
455 3741 545 3815 αὐτόν
561 3743 654 3841 μηδὲν
666 3747 875 3836 καταλείψειν·

139 3845 217 3943 μηδ’
235 3849 308 3939 ὄψον
323 3863 406 3945 κοινῆΙ
423 3851 502 3944 μετὰ
517 3856 623 3918 τούτου
640 3857 765 3920 πώποτε
781 3848 879 3921 δαίσει

137 3969 195 4023 τοῦ
216 3950 352 4050 Κορύδου
372 3957 528 4050 (προλέγον
546 3955 625 4048 σοι)·
641 3961 703 4049 ἔχει
718 3957 776 4051 γὰρ
791 3968 879 4049 χεῖρα

719 4065 876 4158 κραταιὰν,

84 4167 107 4238 b
139 4173 278 4259 χαλκῆν,
295 4167 469 4260 ἀκάματον,
487 4171 564 4236 πολὺ
584 4168 739 4261 κρείσσονα
753 4182 806 4237 τοῦ
821 4197 878 4236 πυ-

698 4301 743 4365 ρος
770 4301 874 4342 αντου.

925 2225 1092 2306 καταλιίψιιν
1101 2225 1122 2303 ).
1135 2231 1222 2284 Versu
1233 2248 1250 2299 a
1263 2229 1329 2284 libri
1340 2224 1371 2296 ἢν
1383 2229 1420 2298 μή
1435 2250 1486 2299 σοι,
1498 2243 1562 2298 eto,
1573 2250 1708 2304 perverso

925 2335 1027 2391 sensu,
1041 2316 1281 2391 quemadmodum
1297 2319 1381 2372 etiam
1396 2321 1481 2377 Arist.
1497 2321 1614 2391 Lysistr.
1638 2319 1707 2390 876,

926 2405 1045 2479 aliisque
1056 2407 1226 2478 scriptorum
1238 2405 1309 2458 locis
1323 2401 1371 2478 μὲν
1384 2416 1410 2459 et
1421 2402 1459 2476 μὴ
1474 2417 1648 2462 commutata
1663 2408 1709 2462 in-

925 2495 1029 2549 venias.
1045 2493 1170 2550 Lobeck.
1187 2493 1223 2547 ad
1244 2494 1349 2565 Phryn.
1371 2511 1400 2565 p.
1418 2493 1486 2562 458,
1506 2494 1535 2549 οὗ
1554 2492 1592 2567 μή
1604 2504 1647 2549 ’σοι
1663 2515 1709 2550 νο-

927 2581 1004 2654 μιεῖς.
1020 2583 1052 2636 V.
1069 2580 1085 2635 3
1099 2576 1190 2635 τούτου
1203 2579 1246 2634 vel
1265 2581 1470 2634 contemnentis
1488 2591 1544 2648 est,
1560 2591 1591 2635 ιιι
1607 2584 1707 2653 passim

925 2655 998 2730 obsce
1018 2665 1096 2741 apud
1120 2668 1356 2739 Aristophanem,
1374 2665 1560 2742 Sophoclem,
1582 2679 1646 2737 etc„
1666 2673 1709 2723 vct

927 2755 1072 2822 additum,
1088 2767 1119 2809 ut
1131 2756 1218 2810 homo
1229 2756 1416 2828 distinguatur
1427 2754 1523 2810 abavo
1534 2760 1710 2830 cognomini.

928 2841 1089 2915 Lobeckins
1100 2839 1166 2915 μετδι
1178 2841 1247 2898 τοῦδ’
1256 2841 1391 2898 οὐπώποτε
1402 2842 1427 2899 δ.
1442 2847 1473 2897 V.
1490 2843 1506 2896 5
1522 2846 1607 2917 vulgo
1620 2843 1710 2920 κρείσ-

926 2950 979 3000 σω,
995 2933 1046 2987 sed
1065 2950 1135 2987 voce
1152 2927 1288 3007 κρείσσονα
1300 2933 1392 3004 posita
1406 2930 1599 2987 hexametrum
1621 2950 1709 2988 venu-

925 3020 1092 3087 stissimum,
1114 3020 1292 3087 bucolicum,
1304 3031 1395 3091 poetae
1413 3021 1530 3074 restitui.

1195 3161 1260 3218 Vll.
1285 3162 1435 3219 XElPth.

965 3322 1069 3379 Athen.
1090 3339 1135 3390 ιι,
1151 3341 1182 3396 p.
1204 3321 1278 3388 460,
1298 3323 1338 3388 Ρ,
1352 3321 1387 3378 de
1407 3319 1528 3398 κυλικείῳ
1541 3321 1677 3376 disserens
1698 3343 1703 3374 ;

927 3410 978 3487 Κρ.
994 3409 1016 3465 δ’
1031 3412 1045 3465 ὁ
1058 3405 1180 3486 νεώτερος
1192 3409 1220 3465 tv
1234 3407 1356 3486 Χείρωνι,

1024 3593 1071 3603 -
1087 3560 1253 3639 Πολλοοτῷ
1268 3549 1295 3620 δ’
1306 3557 1369 3620 ἕπει

974 3663 1084 3725 ἐκτῶν
1106 3658 1257 3751 πολεμίων
1272 3653 1372 3726 οἴκαδ’
1389 3665 1470 3733 ἥκοι·
1489 3656 1658 3751 ξυγγενεῖς,

974 3764 1027 3830 καὶ
1042 3763 1208 3856 φράτορας,
1225 3765 1277 3831 καὶ
1294 3760 1448 3857 δημότας,
1467 3767 1556 3855 εὑρὼν
1572 3767 1658 3856 μόλις

974 3870 1014 3947 εἰς
1028 3873 1063 3936 τὸ
1078 3878 1227 3936 κυλικεῖον
1245 3872 1423 3965 ἐνεγράφην·
1443 3867 1512 3947 Ζεὺς
1527 3873 1594 3937 ἔστι
1610 3898 1658 3962 μοι

927 3969 946 4040 5
973 3969 1099 4064 ἕρκειος,
1115 3979 1181 4042 ἔστι
1198 3977 1354 4068 φράτριος·
1373 3976 1414 4042 τὰ
1428 3978 1503 4048 τελη
1519 3983 1609 4041 τελῶ.

925 4122 1014 4173 Versu
1026 4137 1042 4173 a
1053 4129 1155 4192 praeter
1164 4123 1355 4175 necessitatem
1371 4122 1455 4175 Mein.
1472 4116 1543 4187 ἥκων
1556 4159 1564 4190 ,
1578 4117 1710 4172 Jacobsio

925 4209 1050 4282 Specim.
1063 4206 1205 4261 animadv.
1220 4207 1256 4262 ad
1268 4216 1339 4262 auct.
1350 4218 1417 4264 vett.
1428 4226 1458 4279 p.
1477 4223 1525 4259 ιιι
1542 4215 1570 4258 et
1584 4204 1711 4258 Porsono

928 4292 1000 4349 adv.
1016 4312 1046 4365 p.
1068 4292 1121 4346 123
1140 4293 1316 4348 auctoribus.
1341 4295 1373 4351 V,
1400 4291 1557 4369 δφροίτεροις
1580 4290 1711 4346 cod.·Ad

827 4403 964 4412 ’.φ-..--
971 4406 1046 4412 ...-

381 4454 589 4510 aternum.

123 4542 188 4597 Mos
196 4554 297 4596 eornm
309 4546 366 4607 est,
379 4539 403 4597 si
416 4555 499 4612 quem
510 4541 667 4613 imperium
678 4583 685 4612 ‚

122 4626 324 4699 undecumque
342 4628 494 4700 ingressam
509 4631 541 4683 in
560 4628 655 4685 artem
663 4668 673 4700 ‚
688 4627 880 4697 offenderunt,

123 4714 304 4787 explorandae
322 4714 380 4786 ejus
401 4714 576 4786 eloquentiae,
598 4715 739 4773 hominem
759 4732 881 4772 commo·

635 4806 714 4870 [vere
726 4818 758 4859 ac
771 4802 881 4877 turbare

123 4886 287 4953 antithetis,
304 4885 491 4954 finitionibus,
506 4886 636 4944 membris
651 4888 787 4945 similibus
804 4894 879 4954 (ora-

724 4975 879 5042 [tionuvn)‚

80 5066 101 5114 5
123 5059 353 5132 erogationibus,
373 5060 624 5132 magnitudinibus,
639 5062 745 5119 callide.

284 5211 289 5220 ι
401 5149 566 5204 arianas.

122 5232 267 5305 Corydum
278 5272 286 5297 ,
299 5229 372 5287 ferro
384 5248 556 5304 percussum,
569 5251 648 5302 cave,

121 5318 272 5393 siquidem
283 5319 467 5390 pontinum
481 5337 544 5379 eum
562 5323 627 5379 nihii
642 5322 798 5380 relictorum
809 5338 881 5390 οπεος

968 4471 1056 4527 neque
1069 4471 1190 4526 unquam
1203 4457 1348 4527 opsonium
1366 4472 1427 4511 cunt
1447 4455 1498 4510 hoc
1513 4454 1621 4526 Corydo
1636 4470 1710 4508 com·

1587 4542 1710 4611 [inuuica

962 4629 1096 4700 (praedioo
1107 4628 1171 4693 tibi)
1185 4645 1192 4681 ε
1209 4644 1272 4684 uam
1286 4628 1366 4685 habet
1377 4644 1489 4685 manum
1501 4627 1613 4693 forum,

927 4720 1080 4778 5aenea1n,
1103 4713 1313 4784 infatigabilem,
1330 4715 1418 4784 ipsum
1443 4717 1533 4784 ignem
1553 4716 1633 4785 longe
1653 4715 1711 4768 vin·

1576 4806 1584 4867 [
1594 4808 1710 4854 centem.

1247 4890 1392 4945 CHtRON.

961 5004 996 5015 ·—
1011 4975 1160 5046 Multisque
1169 4976 1270 5031 emetis
1283 4975 1365 5030 annis

961 5063 997 5117 ab
1009 5063 1130 5120 hostibus
1143 5079 1267 5119 reversus
1280 5062 1355 5119 domi
1367 5062 1519 5128 adsumet
1531 5061 1689 5134 propinquis

962 5152 1003 5203 vix
1019 5149 1134 5206 inventis
1145 5148 1349 5221 curialibusque
1365 5156 1393 5205 et
1407 5149 1596 5221 popularibus,

962 5236 992 5292 in
1009 5237 1123 5293 abacum
1139 5237 1285 5309 inscriptus
1299 5253 1360 5294 sum
1375 5257 1381 5291 :
1395 5241 1519 5308 (itaque)
1534 5237 1658 5307 iuppiter
1670 5243 1711 5288 est

927 5330 942 5377 5
962 5323 1144 5392 domesticus,
1159 5333 1200 5379 est
1214 5325 1322 5381 curiatis
1332 5342 1339 5390 3
1350 5323 1450 5381 tributa
1465 5323 1550 5378 solvo.
1624 5319 1721 5385 ΙιιιίΙιι·

1580 5419 1605 5456 ια
