<?xml version="1.0" encoding="UTF-8"?>
<!DOCTYPE html PUBLIC "-//W3C//DTD XHTML 1.0 Transitional//EN"
    "http://www.w3.org/TR/xhtml1/DTD/xhtml1-transitional.dtd">
<html xmlns="http://www.w3.org/1999/xhtml" xml:lang="en" lang="en">
 <head>
  <title>
</title>
<meta http-equiv="Content-Type" content="text/html;charset=utf-8" />
  <meta name='ocr-system' content='tesseract 3.04.00' />
  <meta name='ocr-capabilities' content='ocr_page ocr_carea ocr_par ocr_line ocrx_word'/>
</head>
<body>
  <div class='ocr_page' id='page_1' title='image "./poetarumcomicor00hunzgoog_0017.png"; bbox 0 0 3917 5950; ppageno 0'>
   <div class='ocr_carea' id='block_1_1' title="bbox 791 711 1558 781">
    <p class='ocr_par' dir='ltr' id='par_1_1' title="bbox 791 711 1558 781">
     <span class='ocr_line' id='line_1_1' title="bbox 791 711 1558 781; baseline 0 -12"><span class='ocrx_word' id='word_1_1' title='bbox 791 711 838 769; x_wconf 77' lang='lat' dir='ltr'><strong>Pu</strong></span> <span class='ocrx_word' id='word_1_2' title='bbox 845 711 1007 771; x_wconf 75' lang='lat' dir='ltr'><strong>AEtnrto.</strong></span> <span class='ocrx_word' id='word_1_3' title='bbox 1526 735 1558 781; x_wconf 75' lang='grc' dir='ltr'><strong>ιχ</strong></span> 
     </span>
    </p>
   </div>
   <div class='ocr_carea' id='block_1_2' title="bbox 225 839 1561 2299">
    <p class='ocr_par' dir='ltr' id='par_1_2' title="bbox 225 839 1561 1059">
     <span class='ocr_line' id='line_1_2' title="bbox 229 839 1561 950; baseline 0.012 -39"><span class='ocrx_word' id='word_1_4' title='bbox 229 841 319 911; x_wconf 88' lang='lat' dir='ltr'><strong>neris</strong></span> <span class='ocrx_word' id='word_1_5' title='bbox 335 839 451 935; x_wconf 88' lang='lat' dir='ltr'><strong>hujus</strong></span> <span class='ocrx_word' id='word_1_6' title='bbox 471 843 648 913; x_wconf 88' lang='lat' dir='ltr'><strong>rationem</strong></span> <span class='ocrx_word' id='word_1_7' title='bbox 665 858 776 913; x_wconf 85' lang='lat' dir='ltr'><strong>totam</strong></span> <span class='ocrx_word' id='word_1_8' title='bbox 794 858 829 914; x_wconf 89' lang='lat' dir='ltr'><strong>et</strong></span> <span class='ocrx_word' id='word_1_9' title='bbox 847 844 935 915; x_wconf 90' lang='lat' dir='ltr'><strong>olim</strong></span> <span class='ocrx_word' id='word_1_10' title='bbox 953 846 1156 942; x_wconf 78' lang='lat' dir='ltr'>explicuere</span> <span class='ocrx_word' id='word_1_11' title='bbox 1177 849 1280 921; x_wconf 89' lang='lat' dir='ltr'><strong>multi</strong></span> <span class='ocrx_word' id='word_1_12' title='bbox 1295 865 1330 921; x_wconf 91' lang='lat' dir='ltr'><strong>et</strong></span> <span class='ocrx_word' id='word_1_13' title='bbox 1351 856 1561 950; x_wconf 82' lang='lat' dir='ltr'><strong>nuperrime</strong></span> 
     </span>
     <span class='ocr_line' id='line_1_3' title="bbox 225 963 1216 1059; baseline 0.004 -25"><span class='ocrx_word' id='word_1_14' title='bbox 225 963 408 1034; x_wconf 89' lang='lat' dir='ltr'><strong>duumviri</strong></span> <span class='ocrx_word' id='word_1_15' title='bbox 422 963 578 1059; x_wconf 87' lang='lat' dir='ltr'><strong>juvenes</strong></span> <span class='ocrx_word' id='word_1_16' title='bbox 598 989 638 1034; x_wconf 83' lang='lat' dir='ltr'><strong>ex</strong></span> <span class='ocrx_word' id='word_1_17' title='bbox 658 968 854 1037; x_wconf 76' lang='lat' dir='ltr'><strong>certamine</strong></span> <span class='ocrx_word' id='word_1_18' title='bbox 870 967 1027 1038; x_wconf 88' lang='lat' dir='ltr'><strong>literario</strong></span> <span class='ocrx_word' id='word_1_19' title='bbox 1042 971 1216 1040; x_wconf 90' lang='lat' dir='ltr'><strong>coronati.</strong></span> 
     </span>
    </p>

    <p class='ocr_par' dir='ltr' id='par_1_3' title="bbox 225 1065 1559 2299">
     <span class='ocr_line' id='line_1_4' title="bbox 272 1065 1558 1189; baseline 0.009 -33"><span class='ocrx_word' id='word_1_20' title='bbox 272 1065 412 1157; x_wconf 86' lang='lat' dir='ltr'><strong>Horum</strong></span> <span class='ocrx_word' id='word_1_21' title='bbox 429 1102 640 1185; x_wconf 87' lang='lat' dir='ltr'><strong>poetarum,</strong></span> <span class='ocrx_word' id='word_1_22' title='bbox 662 1113 819 1185; x_wconf 89' lang='lat' dir='ltr'><strong>quorum</strong></span> <span class='ocrx_word' id='word_1_23' title='bbox 843 1115 1016 1160; x_wconf 89' lang='lat' dir='ltr'><strong>numerus</strong></span> <span class='ocrx_word' id='word_1_24' title='bbox 1033 1107 1182 1163; x_wconf 90' lang='lat' dir='ltr'><strong>centum</strong></span> <span class='ocrx_word' id='word_1_25' title='bbox 1197 1108 1233 1162; x_wconf 90' lang='lat' dir='ltr'><strong>et</strong></span> <span class='ocrx_word' id='word_1_26' title='bbox 1262 1094 1386 1189; x_wconf 79' lang='lat' dir='ltr'><strong>viginti</strong></span> <span class='ocrx_word' id='word_1_27' title='bbox 1409 1097 1558 1169; x_wconf 87' lang='lat' dir='ltr'><strong>nomina</strong></span> 
     </span>
     <span class='ocr_line' id='line_1_5' title="bbox 227 1209 1558 1313; baseline 0.008 -34"><span class='ocrx_word' id='word_1_28' title='bbox 227 1209 377 1298; x_wconf 78' lang='lat' dir='ltr'><strong>excedit,</strong></span> <span class='ocrx_word' id='word_1_29' title='bbox 391 1209 587 1306; x_wconf 81' lang='lat' dir='ltr'><strong>fragmenta</strong></span> <span class='ocrx_word' id='word_1_30' title='bbox 604 1236 667 1308; x_wconf 86' lang='lat' dir='ltr'><strong>per</strong></span> <span class='ocrx_word' id='word_1_31' title='bbox 680 1212 797 1282; x_wconf 88' lang='lat' dir='ltr'><strong>varios</strong></span> <span class='ocrx_word' id='word_1_32' title='bbox 815 1213 1008 1311; x_wconf 77' lang='lat' dir='ltr'><strong>scriptores</strong></span> <span class='ocrx_word' id='word_1_33' title='bbox 1020 1212 1200 1312; x_wconf 88' lang='lat' dir='ltr'><strong>dispersa,</strong></span> <span class='ocrx_word' id='word_1_34' title='bbox 1215 1231 1299 1313; x_wconf 90' lang='lat' dir='ltr'><strong>post</strong></span> <span class='ocrx_word' id='word_1_35' title='bbox 1314 1217 1558 1291; x_wconf 85' lang='lat' dir='ltr'><strong>instauratum</strong></span> 
     </span>
     <span class='ocr_line' id='line_1_6' title="bbox 228 1335 1559 1433; baseline 0.009 -29"><span class='ocrx_word' id='word_1_36' title='bbox 228 1336 406 1406; x_wconf 90' lang='lat' dir='ltr'><strong>literarum</strong></span> <span class='ocrx_word' id='word_1_37' title='bbox 424 1338 629 1406; x_wconf 68' lang='lat' dir='ltr'><strong>Graecarum</strong></span> <span class='ocrx_word' id='word_1_38' title='bbox 648 1335 829 1426; x_wconf 90' lang='lat' dir='ltr'><strong>studium,</strong></span> <span class='ocrx_word' id='word_1_39' title='bbox 858 1336 1132 1433; x_wconf 76' lang='lat' dir='ltr'><strong>pulchritudine</strong></span> <span class='ocrx_word' id='word_1_40' title='bbox 1150 1363 1213 1410; x_wconf 89' lang='lat' dir='ltr'><strong>sua</strong></span> <span class='ocrx_word' id='word_1_41' title='bbox 1234 1339 1369 1413; x_wconf 91' lang='lat' dir='ltr'><strong>multos</strong></span> <span class='ocrx_word' id='word_1_42' title='bbox 1396 1342 1559 1416; x_wconf 87' lang='lat' dir='ltr'><strong>cruditos</strong></span> 
     </span>
     <span class='ocr_line' id='line_1_7' title="bbox 227 1458 1556 1558; baseline 0.008 -29"><span class='ocrx_word' id='word_1_43' title='bbox 227 1458 463 1529; x_wconf 87' lang='lat' dir='ltr'><strong>allicuerunt:</strong></span> <span class='ocrx_word' id='word_1_44' title='bbox 483 1460 577 1530; x_wconf 89' lang='lat' dir='ltr'><strong>inter</strong></span> <span class='ocrx_word' id='word_1_45' title='bbox 591 1483 703 1555; x_wconf 90' lang='lat' dir='ltr'><strong>quos,</strong></span> <span class='ocrx_word' id='word_1_46' title='bbox 720 1474 804 1558; x_wconf 90' lang='lat' dir='ltr'><strong>post</strong></span> <span class='ocrx_word' id='word_1_47' title='bbox 821 1461 1018 1532; x_wconf 80' lang='lat' dir='ltr'><strong>ilenricum</strong></span> <span class='ocrx_word' id='word_1_48' title='bbox 1032 1463 1279 1558; x_wconf 86' lang='lat' dir='ltr'><strong>Stephanum,</strong></span> <span class='ocrx_word' id='word_1_49' title='bbox 1301 1466 1436 1536; x_wconf 87' lang='lat' dir='ltr'><strong>eminet</strong></span> <span class='ocrx_word' id='word_1_50' title='bbox 1450 1473 1556 1539; x_wconf 84' lang='lat' dir='ltr'><strong>Huoo</strong></span> 
     </span>
     <span class='ocr_line' id='line_1_8' title="bbox 226 1586 1557 1687; baseline 0.005 -30"><span class='ocrx_word' id='word_1_51' title='bbox 226 1593 382 1657; x_wconf 82' lang='lat' dir='ltr'><strong>Gaonus</strong></span> <span class='ocrx_word' id='word_1_52' title='bbox 394 1639 404 1675; x_wconf 91' lang='lat'><strong>,</strong></span> <span class='ocrx_word' id='word_1_53' title='bbox 418 1588 482 1684; x_wconf 91' lang='lat' dir='ltr'><strong>qui</strong></span> <span class='ocrx_word' id='word_1_54' title='bbox 496 1586 649 1682; x_wconf 88' lang='lat' dir='ltr'><strong>plurima</strong></span> <span class='ocrx_word' id='word_1_55' title='bbox 666 1587 756 1656; x_wconf 89' lang='lat' dir='ltr'><strong>etin</strong></span> <span class='ocrx_word' id='word_1_56' title='bbox 775 1586 918 1658; x_wconf 76' lang='lat' dir='ltr'><strong>Stohaeo</strong></span> <span class='ocrx_word' id='word_1_57' title='bbox 936 1613 1004 1658; x_wconf 88' lang='lat' dir='ltr'><strong>suo</strong></span> <span class='ocrx_word' id='word_1_58' title='bbox 1022 1603 1058 1659; x_wconf 88' lang='lat' dir='ltr'><strong>et</strong></span> <span class='ocrx_word' id='word_1_59' title='bbox 1072 1588 1110 1659; x_wconf 91' lang='lat' dir='ltr'><strong>in</strong></span> <span class='ocrx_word' id='word_1_60' title='bbox 1126 1591 1314 1686; x_wconf 65' lang='lat' dir='ltr'><strong>decerptis</strong></span> <span class='ocrx_word' id='word_1_61' title='bbox 1334 1595 1557 1687; x_wconf 74' lang='lat' dir='ltr'><strong>Tragicorum</strong></span> 
     </span>
     <span class='ocr_line' id='line_1_9' title="bbox 227 1707 1554 1803; baseline 0.005 -26"><span class='ocrx_word' id='word_1_62' title='bbox 227 1726 257 1777; x_wconf 85' lang='lat' dir='ltr'><strong>et</strong></span> <span class='ocrx_word' id='word_1_63' title='bbox 276 1712 488 1778; x_wconf 82' lang='lat' dir='ltr'><strong>Comicorum</strong></span> <span class='ocrx_word' id='word_1_64' title='bbox 512 1708 773 1803; x_wconf 84' lang='lat' dir='ltr'><strong>elegantissime</strong></span> <span class='ocrx_word' id='word_1_65' title='bbox 790 1707 947 1780; x_wconf 84' lang='lat' dir='ltr'><strong>reddidit</strong></span> <span class='ocrx_word' id='word_1_66' title='bbox 967 1711 1130 1782; x_wconf 89' lang='lat' dir='ltr'><strong>versibus</strong></span> <span class='ocrx_word' id='word_1_67' title='bbox 1150 1710 1280 1782; x_wconf 90' lang='lat' dir='ltr'><strong>latinis.</strong></span> <span class='ocrx_word' id='word_1_68' title='bbox 1308 1710 1395 1783; x_wconf 90' lang='lat' dir='ltr'><strong>lllos</strong></span> <span class='ocrx_word' id='word_1_69' title='bbox 1413 1729 1554 1802; x_wconf 90' lang='lat' dir='ltr'><strong>autem,</strong></span> 
     </span>
     <span class='ocr_line' id='line_1_10' title="bbox 228 1829 1557 1927; baseline 0.003 -26"><span class='ocrx_word' id='word_1_70' title='bbox 228 1833 287 1927; x_wconf 94' lang='lat' dir='ltr'><strong>qui</strong></span> <span class='ocrx_word' id='word_1_71' title='bbox 306 1829 460 1926; x_wconf 85' lang='lat' dir='ltr'><strong>singuiis</strong></span> <span class='ocrx_word' id='word_1_72' title='bbox 477 1833 594 1927; x_wconf 86' lang='lat' dir='ltr'><strong>poetis</strong></span> <span class='ocrx_word' id='word_1_73' title='bbox 605 1830 751 1902; x_wconf 78' lang='lat' dir='ltr'><strong>doctam</strong></span> <span class='ocrx_word' id='word_1_74' title='bbox 762 1855 885 1902; x_wconf 89' lang='lat' dir='ltr'><strong>curam</strong></span> <span class='ocrx_word' id='word_1_75' title='bbox 901 1831 1166 1921; x_wconf 88' lang='lat' dir='ltr'><strong>adhibuerunt,</strong></span> <span class='ocrx_word' id='word_1_76' title='bbox 1181 1834 1210 1904; x_wconf 90' lang='lat' dir='ltr'><strong>si</strong></span> <span class='ocrx_word' id='word_1_77' title='bbox 1226 1833 1393 1905; x_wconf 89' lang='lat' dir='ltr'><strong>hocloco</strong></span> <span class='ocrx_word' id='word_1_78' title='bbox 1409 1858 1557 1905; x_wconf 90' lang='lat' dir='ltr'><strong>enume-</strong></span> 
     </span>
     <span class='ocr_line' id='line_1_11' title="bbox 229 1955 1556 2053; baseline 0.004 -29"><span class='ocrx_word' id='word_1_79' title='bbox 229 1980 359 2043; x_wconf 86' lang='lat' dir='ltr'><strong>rarem,</strong></span> <span class='ocrx_word' id='word_1_80' title='bbox 377 1955 553 2026; x_wconf 87' lang='lat' dir='ltr'><strong>inutiliter</strong></span> <span class='ocrx_word' id='word_1_81' title='bbox 575 1955 705 2049; x_wconf 84' lang='lat' dir='ltr'><strong>longus</strong></span> <span class='ocrx_word' id='word_1_82' title='bbox 726 1979 804 2026; x_wconf 84' lang='lat' dir='ltr'><strong>esse</strong></span> <span class='ocrx_word' id='word_1_83' title='bbox 823 1956 952 2026; x_wconf 88' lang='lat' dir='ltr'><strong>merito</strong></span> <span class='ocrx_word' id='word_1_84' title='bbox 967 1955 1122 2045; x_wconf 88' lang='lat' dir='ltr'><strong>viderer,</strong></span> <span class='ocrx_word' id='word_1_85' title='bbox 1141 1957 1225 2053; x_wconf 89' lang='lat' dir='ltr'><strong>quia</strong></span> <span class='ocrx_word' id='word_1_86' title='bbox 1253 1970 1371 2027; x_wconf 88' lang='lat' dir='ltr'><strong>toturn</strong></span> <span class='ocrx_word' id='word_1_87' title='bbox 1388 1982 1481 2053; x_wconf 90' lang='lat' dir='ltr'><strong>opus</strong></span> <span class='ocrx_word' id='word_1_88' title='bbox 1495 1958 1556 2029; x_wconf 90' lang='lat' dir='ltr'><strong>ab·</strong></span> 
     </span>
     <span class='ocr_line' id='line_1_12' title="bbox 226 2078 1554 2166; baseline 0.002 -19"><span class='ocrx_word' id='word_1_89' title='bbox 226 2080 329 2149; x_wconf 85' lang='lat' dir='ltr'><strong>solvit</strong></span> <span class='ocrx_word' id='word_1_90' title='bbox 352 2104 448 2148; x_wconf 89' lang='lat' dir='ltr'><strong>unus</strong></span> <span class='ocrx_word' id='word_1_91' title='bbox 471 2084 657 2148; x_wconf 81' lang='lat' dir='ltr'><strong>Ancusrus</strong></span> <span class='ocrx_word' id='word_1_92' title='bbox 679 2082 862 2166; x_wconf 76' lang='lat' dir='ltr'><strong>Merum,</strong></span> <span class='ocrx_word' id='word_1_93' title='bbox 884 2080 1089 2150; x_wconf 90' lang='lat' dir='ltr'><strong>universam</strong></span> <span class='ocrx_word' id='word_1_94' title='bbox 1107 2078 1323 2150; x_wconf 87' lang='lat' dir='ltr'><strong>comoediam</strong></span> <span class='ocrx_word' id='word_1_95' title='bbox 1336 2082 1495 2150; x_wconf 64' lang='lat' dir='ltr'><strong>Graecam</strong></span> <span class='ocrx_word' id='word_1_96' title='bbox 1521 2096 1554 2149; x_wconf 86' lang='lat' dir='ltr'><strong>et</strong></span> 
     </span>
     <span class='ocr_line' id='line_1_13' title="bbox 225 2201 1555 2299; baseline -0.001 -27"><span class='ocrx_word' id='word_1_97' title='bbox 225 2227 351 2272; x_wconf 87' lang='lat' dir='ltr'><strong>omnes</strong></span> <span class='ocrx_word' id='word_1_98' title='bbox 366 2202 521 2271; x_wconf 90' lang='lat' dir='ltr'><strong>omnino</strong></span> <span class='ocrx_word' id='word_1_99' title='bbox 543 2201 620 2295; x_wconf 85' lang='lat' dir='ltr'><strong>ejus</strong></span> <span class='ocrx_word' id='word_1_100' title='bbox 639 2201 807 2298; x_wconf 87' lang='lat' dir='ltr'><strong>reliquias</strong></span> <span class='ocrx_word' id='word_1_101' title='bbox 824 2204 836 2293; x_wconf 87' lang='grc'>(</span> <span class='ocrx_word' id='word_1_102' title='bbox 847 2217 974 2298; x_wconf 81' lang='lat' dir='ltr'><strong>prater</strong></span> <span class='ocrx_word' id='word_1_103' title='bbox 997 2203 1244 2299; x_wconf 75' lang='lat' dir='ltr'><strong>Aristophanis</strong></span> <span class='ocrx_word' id='word_1_104' title='bbox 1270 2201 1408 2273; x_wconf 79' lang='lat' dir='ltr'><strong>fabulas</strong></span> <span class='ocrx_word' id='word_1_105' title='bbox 1433 2227 1555 2298; x_wconf 88' lang='lat' dir='ltr'><strong>super-</strong></span> 
     </span>
    </p>
   </div>
   <div class='ocr_carea' id='block_1_3' title="bbox 200 2330 1571 5258">
    <p class='ocr_par' dir='ltr' id='par_1_4' title="bbox 209 2330 1554 3903">
     <span class='ocr_line' id='line_1_14' title="bbox 225 2330 1553 2427; baseline 0.002 -30"><span class='ocrx_word' id='word_1_106' title='bbox 225 2330 344 2422; x_wconf 87' lang='lat' dir='ltr'><strong>stites)</strong></span> <span class='ocrx_word' id='word_1_107' title='bbox 366 2330 616 2403; x_wconf 85' lang='lat' dir='ltr'><strong>voluminibus</strong></span> <span class='ocrx_word' id='word_1_108' title='bbox 640 2331 802 2427; x_wconf 90' lang='lat' dir='ltr'><strong>quinque</strong></span> <span class='ocrx_word' id='word_1_109' title='bbox 816 2330 1036 2426; x_wconf 84' lang='lat' dir='ltr'><strong>complexus.</strong></span> <span class='ocrx_word' id='word_1_110' title='bbox 1052 2334 1118 2401; x_wconf 88' lang='lat' dir='ltr'><strong>Per</strong></span> <span class='ocrx_word' id='word_1_111' title='bbox 1129 2330 1273 2426; x_wconf 84' lang='lat' dir='ltr'><strong>longam</strong></span> <span class='ocrx_word' id='word_1_112' title='bbox 1292 2355 1473 2401; x_wconf 89' lang='lat' dir='ltr'><strong>annorum</strong></span> <span class='ocrx_word' id='word_1_113' title='bbox 1503 2356 1553 2400; x_wconf 76' lang='lat' dir='ltr'><strong>se</strong></span> 
     </span>
     <span class='ocr_line' id='line_1_15' title="bbox 226 2453 1553 2552; baseline 0.002 -31"><span class='ocrx_word' id='word_1_114' title='bbox 226 2455 309 2525; x_wconf 90' lang='lat' dir='ltr'><strong>riem</strong></span> <span class='ocrx_word' id='word_1_115' title='bbox 331 2458 488 2527; x_wconf 76' lang='lat' dir='ltr'><strong>eximius</strong></span> <span class='ocrx_word' id='word_1_116' title='bbox 510 2458 576 2539; x_wconf 83' lang='lat' dir='ltr'><strong>vir,</strong></span> <span class='ocrx_word' id='word_1_117' title='bbox 600 2453 817 2552; x_wconf 89' lang='lat' dir='ltr'><strong>quicquida</strong></span> <span class='ocrx_word' id='word_1_118' title='bbox 842 2456 974 2526; x_wconf 79' lang='lat' dir='ltr'><strong>Grecis</strong></span> <span class='ocrx_word' id='word_1_119' title='bbox 998 2454 1234 2552; x_wconf 85' lang='lat' dir='ltr'><strong>scriptoribus</strong></span> <span class='ocrx_word' id='word_1_120' title='bbox 1257 2454 1364 2526; x_wconf 89' lang='lat' dir='ltr'><strong>nobis</strong></span> <span class='ocrx_word' id='word_1_121' title='bbox 1388 2453 1553 2526; x_wconf 89' lang='lat' dir='ltr'><strong>relictum</strong></span> 
     </span>
     <span class='ocr_line' id='line_1_16' title="bbox 226 2576 1552 2673; baseline 0 -27"><span class='ocrx_word' id='word_1_122' title='bbox 226 2592 283 2647; x_wconf 85' lang='lat' dir='ltr'><strong>aut</strong></span> <span class='ocrx_word' id='word_1_123' title='bbox 298 2578 344 2648; x_wconf 89' lang='lat' dir='ltr'><strong>ab</strong></span> <span class='ocrx_word' id='word_1_124' title='bbox 368 2580 503 2650; x_wconf 86' lang='lat' dir='ltr'><strong>Latinis</strong></span> <span class='ocrx_word' id='word_1_125' title='bbox 527 2603 546 2649; x_wconf 95' lang='lat' dir='ltr'><strong>e</strong></span> <span class='ocrx_word' id='word_1_126' title='bbox 569 2603 682 2673; x_wconf 65' lang='lat' dir='ltr'><strong>greco</strong></span> <span class='ocrx_word' id='word_1_127' title='bbox 700 2577 852 2649; x_wconf 90' lang='lat' dir='ltr'><strong>ductum</strong></span> <span class='ocrx_word' id='word_1_128' title='bbox 873 2593 946 2667; x_wconf 91' lang='lat' dir='ltr'><strong>est,</strong></span> <span class='ocrx_word' id='word_1_129' title='bbox 965 2593 1129 2666; x_wconf 80' lang='lat' dir='ltr'><strong>accurate</strong></span> <span class='ocrx_word' id='word_1_130' title='bbox 1143 2592 1179 2647; x_wconf 91' lang='lat' dir='ltr'><strong>et</strong></span> <span class='ocrx_word' id='word_1_131' title='bbox 1193 2577 1371 2673; x_wconf 82' lang='lat' dir='ltr'><strong>patienter</strong></span> <span class='ocrx_word' id='word_1_132' title='bbox 1389 2576 1552 2671; x_wconf 83' lang='lat' dir='ltr'><strong>legebat,</strong></span> 
     </span>
     <span class='ocr_line' id='line_1_17' title="bbox 225 2699 1552 2799; baseline -0.001 -30"><span class='ocrx_word' id='word_1_133' title='bbox 225 2724 459 2799; x_wconf 70' lang='lat' dir='ltr'><strong>quecumque</strong></span> <span class='ocrx_word' id='word_1_134' title='bbox 479 2701 525 2771; x_wconf 88' lang='lat' dir='ltr'><strong>ad</strong></span> <span class='ocrx_word' id='word_1_135' title='bbox 545 2726 619 2772; x_wconf 90' lang='lat' dir='ltr'><strong>rem</strong></span> <span class='ocrx_word' id='word_1_136' title='bbox 647 2703 821 2773; x_wconf 88' lang='lat' dir='ltr'><strong>comicam</strong></span> <span class='ocrx_word' id='word_1_137' title='bbox 847 2715 1010 2798; x_wconf 87' lang='lat' dir='ltr'><strong>spectant</strong></span> <span class='ocrx_word' id='word_1_138' title='bbox 1030 2699 1221 2795; x_wconf 83' lang='lat' dir='ltr'><strong>diligenter</strong></span> <span class='ocrx_word' id='word_1_139' title='bbox 1243 2722 1451 2797; x_wconf 83' lang='lat' dir='ltr'><strong>excerpens.</strong></span> <span class='ocrx_word' id='word_1_140' title='bbox 1481 2704 1552 2769; x_wconf 91' lang='lat' dir='ltr'><strong>lm-</strong></span> 
     </span>
     <span class='ocr_line' id='line_1_18' title="bbox 226 2820 1552 2917; baseline 0 -27"><span class='ocrx_word' id='word_1_141' title='bbox 226 2846 385 2893; x_wconf 85' lang='lat' dir='ltr'><strong>mensam</strong></span> <span class='ocrx_word' id='word_1_142' title='bbox 401 2838 435 2893; x_wconf 90' lang='lat' dir='ltr'><strong>et</strong></span> <span class='ocrx_word' id='word_1_143' title='bbox 453 2823 549 2894; x_wconf 90' lang='lat' dir='ltr'><strong>mole</strong></span> <span class='ocrx_word' id='word_1_144' title='bbox 566 2839 600 2894; x_wconf 87' lang='lat' dir='ltr'><strong>et</strong></span> <span class='ocrx_word' id='word_1_145' title='bbox 622 2824 792 2896; x_wconf 88' lang='lat' dir='ltr'><strong>varietate</strong></span> <span class='ocrx_word' id='word_1_146' title='bbox 813 2824 997 2894; x_wconf 87' lang='lat' dir='ltr'><strong>materiam</strong></span> <span class='ocrx_word' id='word_1_147' title='bbox 1012 2824 1063 2894; x_wconf 88' lang='lat' dir='ltr'><strong>sic</strong></span> <span class='ocrx_word' id='word_1_148' title='bbox 1076 2822 1265 2893; x_wconf 78' lang='lat' dir='ltr'><strong>collectam</strong></span> <span class='ocrx_word' id='word_1_149' title='bbox 1282 2820 1415 2892; x_wconf 91' lang='lat' dir='ltr'><strong>deinde</strong></span> <span class='ocrx_word' id='word_1_150' title='bbox 1429 2822 1552 2917; x_wconf 87' lang='lat' dir='ltr'><strong>(quod</strong></span> 
     </span>
     <span class='ocr_line' id='line_1_19' title="bbox 225 2943 1553 3043; baseline 0 -29"><span class='ocrx_word' id='word_1_151' title='bbox 225 2961 295 3015; x_wconf 86' lang='lat' dir='ltr'><strong>erat</strong></span> <span class='ocrx_word' id='word_1_152' title='bbox 311 2945 588 3040; x_wconf 81' lang='lat' dir='ltr'><strong>difficillimum)</strong></span> <span class='ocrx_word' id='word_1_153' title='bbox 614 2948 685 3018; x_wconf 88' lang='lat' dir='ltr'><strong>acri</strong></span> <span class='ocrx_word' id='word_1_154' title='bbox 699 2961 735 3018; x_wconf 89' lang='lat' dir='ltr'><strong>et</strong></span> <span class='ocrx_word' id='word_1_155' title='bbox 752 2946 876 3019; x_wconf 85' lang='lat' dir='ltr'><strong>sobrio</strong></span> <span class='ocrx_word' id='word_1_156' title='bbox 894 2944 1032 3041; x_wconf 85' lang='lat' dir='ltr'><strong>judicio</strong></span> <span class='ocrx_word' id='word_1_157' title='bbox 1057 2944 1237 3043; x_wconf 89' lang='lat' dir='ltr'><strong>disposuit</strong></span> <span class='ocrx_word' id='word_1_158' title='bbox 1253 2946 1290 3016; x_wconf 91' lang='lat' dir='ltr'><strong>in</strong></span> <span class='ocrx_word' id='word_1_159' title='bbox 1316 2943 1553 3041; x_wconf 88' lang='lat' dir='ltr'><strong>lucidumque</strong></span> 
     </span>
     <span class='ocr_line' id='line_1_20' title="bbox 223 3068 1554 3166; baseline 0 -29"><span class='ocrx_word' id='word_1_160' title='bbox 223 3068 388 3140; x_wconf 87' lang='lat' dir='ltr'><strong>ordinem</strong></span> <span class='ocrx_word' id='word_1_161' title='bbox 415 3070 563 3165; x_wconf 77' lang='lat' dir='ltr'><strong>redegit.</strong></span> <span class='ocrx_word' id='word_1_162' title='bbox 580 3071 691 3166; x_wconf 86' lang='lat' dir='ltr'><strong>Cujus</strong></span> <span class='ocrx_word' id='word_1_163' title='bbox 718 3071 793 3141; x_wconf 91' lang='lat' dir='ltr'><strong>sive</strong></span> <span class='ocrx_word' id='word_1_164' title='bbox 817 3073 1004 3139; x_wconf 83' lang='lat' dir='ltr'><strong>Historiam</strong></span> <span class='ocrx_word' id='word_1_165' title='bbox 1029 3075 1183 3140; x_wconf 82' lang='lat' dir='ltr'><strong>criticam</strong></span> <span class='ocrx_word' id='word_1_166' title='bbox 1207 3068 1385 3138; x_wconf 81' lang='lat' dir='ltr'><strong>comoedioe</strong></span> <span class='ocrx_word' id='word_1_167' title='bbox 1418 3072 1554 3138; x_wconf 76' lang='lat' dir='ltr'><strong>Groeccr</strong></span> 
     </span>
     <span class='ocr_line' id='line_1_21' title="bbox 224 3191 1551 3288; baseline 0.002 -28"><span class='ocrx_word' id='word_1_168' title='bbox 224 3192 333 3287; x_wconf 82' lang='lat' dir='ltr'><strong>legas,</strong></span> <span class='ocrx_word' id='word_1_169' title='bbox 360 3195 435 3263; x_wconf 91' lang='lat' dir='ltr'><strong>sive</strong></span> <span class='ocrx_word' id='word_1_170' title='bbox 462 3193 745 3288; x_wconf 77' lang='lat' dir='ltr'><strong>fragmentorum</strong></span> <span class='ocrx_word' id='word_1_171' title='bbox 764 3193 1065 3264; x_wconf 87' lang='lat' dir='ltr'><strong>commentarium</strong></span> <span class='ocrx_word' id='word_1_172' title='bbox 1083 3192 1272 3278; x_wconf 86' lang='lat' dir='ltr'><strong>criticum,</strong></span> <span class='ocrx_word' id='word_1_173' title='bbox 1303 3191 1440 3262; x_wconf 85' lang='lat' dir='ltr'><strong>nescias</strong></span> <span class='ocrx_word' id='word_1_174' title='bbox 1463 3192 1551 3285; x_wconf 93' lang='lat' dir='ltr'><strong>quid</strong></span> 
     </span>
     <span class='ocr_line' id='line_1_22' title="bbox 224 3314 1550 3410; baseline 0 -26"><span class='ocrx_word' id='word_1_175' title='bbox 224 3318 330 3410; x_wconf 83' lang='lat' dir='ltr'><strong>magis</strong></span> <span class='ocrx_word' id='word_1_176' title='bbox 351 3318 393 3406; x_wconf 46' lang='lat' dir='ltr'><strong>⁴in</strong></span> <span class='ocrx_word' id='word_1_177' title='bbox 422 3340 467 3386; x_wconf 94' lang='lat' dir='ltr'><strong>eo</strong></span> <span class='ocrx_word' id='word_1_178' title='bbox 491 3317 568 3386; x_wconf 90' lang='lat' dir='ltr'><strong>viro</strong></span> <span class='ocrx_word' id='word_1_179' title='bbox 595 3316 801 3404; x_wconf 83' lang='lat' dir='ltr'><strong>admireris,</strong></span> <span class='ocrx_word' id='word_1_180' title='bbox 830 3315 1033 3386; x_wconf 89' lang='lat' dir='ltr'><strong>doctrinam</strong></span> <span class='ocrx_word' id='word_1_181' title='bbox 1060 3314 1470 3402; x_wconf 86' lang='lat' dir='ltr'><strong>consummatissimam,</strong></span> <span class='ocrx_word' id='word_1_182' title='bbox 1506 3339 1550 3384; x_wconf 90' lang='lat' dir='ltr'><strong>an</strong></span> 
     </span>
     <span class='ocr_line' id='line_1_23' title="bbox 225 3435 1549 3538; baseline 0 -32"><span class='ocrx_word' id='word_1_183' title='bbox 225 3440 351 3507; x_wconf 89' lang='lat' dir='ltr'><strong>mentis</strong></span> <span class='ocrx_word' id='word_1_184' title='bbox 375 3440 618 3532; x_wconf 81' lang='lat' dir='ltr'><strong>sagacitatem,</strong></span> <span class='ocrx_word' id='word_1_185' title='bbox 635 3464 680 3518; x_wconf 84' lang='lat' dir='ltr'><strong>an</strong></span> <span class='ocrx_word' id='word_1_186' title='bbox 696 3437 1018 3538; x_wconf 85' lang='lat' dir='ltr'><strong>prudentissimam</strong></span> <span class='ocrx_word' id='word_1_187' title='bbox 1030 3435 1157 3531; x_wconf 85' lang='lat' dir='ltr'><strong>judicii</strong></span> <span class='ocrx_word' id='word_1_188' title='bbox 1172 3436 1549 3533; x_wconf 86' lang='lat' dir='ltr'><strong>circumspectionem,</strong></span> 
     </span>
     <span class='ocr_line' id='line_1_24' title="bbox 209 3557 1552 3658; baseline -0.004 -26"><span class='ocrx_word' id='word_1_189' title='bbox 209 3586 267 3632; x_wconf 78' lang='lat' dir='ltr'><strong>‚an</strong></span> <span class='ocrx_word' id='word_1_190' title='bbox 286 3585 459 3632; x_wconf 91' lang='lat' dir='ltr'><strong>venerum</strong></span> <span class='ocrx_word' id='word_1_191' title='bbox 475 3561 699 3658; x_wconf 90' lang='lat' dir='ltr'><strong>poeticarum</strong></span> <span class='ocrx_word' id='word_1_192' title='bbox 718 3586 864 3632; x_wconf 90' lang='lat' dir='ltr'><strong>sensum</strong></span> <span class='ocrx_word' id='word_1_193' title='bbox 889 3559 1081 3631; x_wconf 88' lang='lat' dir='ltr'><strong>subactum</strong></span> <span class='ocrx_word' id='word_1_194' title='bbox 1099 3573 1134 3628; x_wconf 90' lang='lat' dir='ltr'><strong>et</strong></span> <span class='ocrx_word' id='word_1_195' title='bbox 1157 3558 1367 3653; x_wconf 81' lang='lat' dir='ltr'><strong>elegantem.</strong></span> <span class='ocrx_word' id='word_1_196' title='bbox 1391 3558 1449 3628; x_wconf 90' lang='lat' dir='ltr'><strong>Sic</strong></span> <span class='ocrx_word' id='word_1_197' title='bbox 1466 3557 1552 3628; x_wconf 85' lang='lat' dir='ltr'><strong>Mei·</strong></span> 
     </span>
     <span class='ocr_line' id='line_1_25' title="bbox 226 3681 1552 3777; baseline 0 -24"><span class='ocrx_word' id='word_1_198' title='bbox 226 3683 416 3754; x_wconf 86' lang='lat' dir='ltr'><strong>nekianum</strong></span> <span class='ocrx_word' id='word_1_199' title='bbox 437 3709 586 3774; x_wconf 91' lang='lat' dir='ltr'><strong>nomen,</strong></span> <span class='ocrx_word' id='word_1_200' title='bbox 606 3684 695 3756; x_wconf 90' lang='lat' dir='ltr'><strong>dum</strong></span> <span class='ocrx_word' id='word_1_201' title='bbox 714 3684 820 3755; x_wconf 81' lang='lat' dir='ltr'><strong>bonae</strong></span> <span class='ocrx_word' id='word_1_202' title='bbox 834 3683 945 3755; x_wconf 84' lang='lat' dir='ltr'><strong>literae</strong></span> <span class='ocrx_word' id='word_1_203' title='bbox 960 3681 1147 3777; x_wconf 77' lang='lat' dir='ltr'><strong>vigebunt,</strong></span> <span class='ocrx_word' id='word_1_204' title='bbox 1170 3705 1255 3752; x_wconf 88' lang='lat' dir='ltr'><strong>cum</strong></span> <span class='ocrx_word' id='word_1_205' title='bbox 1269 3684 1398 3751; x_wconf 82' lang='lat' dir='ltr'><strong>Graecae</strong></span> <span class='ocrx_word' id='word_1_206' title='bbox 1412 3683 1552 3753; x_wconf 88' lang='lat' dir='ltr'><strong>Comoe·</strong></span> 
     </span>
     <span class='ocr_line' id='line_1_26' title="bbox 222 3805 979 3903; baseline -0.001 -28"><span class='ocrx_word' id='word_1_207' title='bbox 222 3806 285 3876; x_wconf 86' lang='lat' dir='ltr'><strong>diae</strong></span> <span class='ocrx_word' id='word_1_208' title='bbox 301 3809 476 3878; x_wconf 86' lang='lat' dir='ltr'><strong>memoria</strong></span> <span class='ocrx_word' id='word_1_209' title='bbox 488 3808 727 3902; x_wconf 89' lang='lat' dir='ltr'><strong>conjunctum</strong></span> <span class='ocrx_word' id='word_1_210' title='bbox 742 3805 979 3903; x_wconf 88' lang='lat' dir='ltr'><strong>permanebit.</strong></span> 
     </span>
    </p>

    <p class='ocr_par' dir='ltr' id='par_1_5' title="bbox 200 3924 1571 5258">
     <span class='ocr_line' id='line_1_27' title="bbox 264 3924 1550 4026; baseline -0.003 -27"><span class='ocrx_word' id='word_1_211' title='bbox 264 3927 379 3999; x_wconf 83' lang='lat' dir='ltr'><strong>nodie</strong></span> <span class='ocrx_word' id='word_1_212' title='bbox 393 3930 544 4025; x_wconf 89' lang='lat' dir='ltr'><strong>quidem</strong></span> <span class='ocrx_word' id='word_1_213' title='bbox 559 3929 734 4025; x_wconf 90' lang='lat' dir='ltr'><strong>plurima,</strong></span> <span class='ocrx_word' id='word_1_214' title='bbox 752 3954 831 4025; x_wconf 86' lang='lat' dir='ltr'><strong>quae</strong></span> <span class='ocrx_word' id='word_1_215' title='bbox 851 3928 914 4000; x_wconf 91' lang='lat' dir='ltr'><strong>llle</strong></span> <span class='ocrx_word' id='word_1_216' title='bbox 926 3949 992 4026; x_wconf 88' lang='lat' dir='ltr'><strong>per</strong></span> <span class='ocrx_word' id='word_1_217' title='bbox 1007 3925 1159 3997; x_wconf 91' lang='lat' dir='ltr'><strong>arduam</strong></span> <span class='ocrx_word' id='word_1_218' title='bbox 1176 3924 1468 4021; x_wconf 88' lang='lat' dir='ltr'><strong>disquisitionem</strong></span> <span class='ocrx_word' id='word_1_219' title='bbox 1483 3924 1550 3998; x_wconf 94' lang='lat' dir='ltr'><strong>do·</strong></span> 
     </span>
     <span class='ocr_line' id='line_1_28' title="bbox 219 4046 1550 4150; baseline -0.004 -28"><span class='ocrx_word' id='word_1_220' title='bbox 219 4054 395 4123; x_wconf 79' lang='lat' dir='ltr'><strong>sumentis</strong></span> <span class='ocrx_word' id='word_1_221' title='bbox 416 4050 530 4123; x_wconf 87' lang='lat' dir='ltr'><strong>allatis</strong></span> <span class='ocrx_word' id='word_1_222' title='bbox 551 4050 1050 4150; x_wconf 83' lang='lat' dir='ltr'><strong>subductisque-argumentis</strong></span> <span class='ocrx_word' id='word_1_223' title='bbox 1076 4063 1173 4120; x_wconf 80' lang='lat' dir='ltr'><strong>extra</strong></span> <span class='ocrx_word' id='word_1_224' title='bbox 1189 4069 1338 4118; x_wconf 88' lang='lat' dir='ltr'><strong>omnem</strong></span> <span class='ocrx_word' id='word_1_225' title='bbox 1353 4046 1550 4119; x_wconf 89' lang='lat' dir='ltr'><strong>dubitatio·</strong></span> 
     </span>
     <span class='ocr_line' id='line_1_29' title="bbox 219 4170 1546 4276; baseline -0.005 -29"><span class='ocrx_word' id='word_1_226' title='bbox 219 4202 298 4248; x_wconf 90' lang='lat' dir='ltr'><strong>nem</strong></span> <span class='ocrx_word' id='word_1_227' title='bbox 311 4178 439 4276; x_wconf 89' lang='lat' dir='ltr'><strong>posuit</strong></span> <span class='ocrx_word' id='word_1_228' title='bbox 452 4190 488 4247; x_wconf 89' lang='lat' dir='ltr'><strong>et</strong></span> <span class='ocrx_word' id='word_1_229' title='bbox 501 4202 582 4248; x_wconf 89' lang='lat' dir='ltr'><strong>vera</strong></span> <span class='ocrx_word' id='word_1_230' title='bbox 592 4201 670 4247; x_wconf 86' lang='lat' dir='ltr'><strong>esse</strong></span> <span class='ocrx_word' id='word_1_231' title='bbox 681 4176 955 4264; x_wconf 89' lang='lat' dir='ltr'><strong>demonstravit,</strong></span> <span class='ocrx_word' id='word_1_232' title='bbox 968 4173 1094 4270; x_wconf 86' lang='lat' dir='ltr'><strong>paucis</strong></span> <span class='ocrx_word' id='word_1_233' title='bbox 1103 4171 1238 4260; x_wconf 88' lang='lat' dir='ltr'><strong>verbis,</strong></span> <span class='ocrx_word' id='word_1_234' title='bbox 1249 4171 1406 4242; x_wconf 89' lang='lat' dir='ltr'><strong>breviter</strong></span> <span class='ocrx_word' id='word_1_235' title='bbox 1415 4184 1450 4240; x_wconf 90' lang='lat' dir='ltr'><strong>et</strong></span> <span class='ocrx_word' id='word_1_236' title='bbox 1461 4170 1546 4241; x_wconf 83' lang='lat' dir='ltr'><strong>sirn-</strong></span> 
     </span>
     <span class='ocr_line' id='line_1_30' title="bbox 215 4294 1544 4400; baseline -0.006 -30"><span class='ocrx_word' id='word_1_237' title='bbox 215 4303 352 4397; x_wconf 89' lang='lat' dir='ltr'><strong>pliciter</strong></span> <span class='ocrx_word' id='word_1_238' title='bbox 366 4304 502 4374; x_wconf 90' lang='lat' dir='ltr'><strong>narrari</strong></span> <span class='ocrx_word' id='word_1_239' title='bbox 513 4317 666 4400; x_wconf 87' lang='lat' dir='ltr'><strong>possunt</strong></span> <span class='ocrx_word' id='word_1_240' title='bbox 680 4302 766 4398; x_wconf 88' lang='lat' dir='ltr'><strong>(qui</strong></span> <span class='ocrx_word' id='word_1_241' title='bbox 780 4300 877 4373; x_wconf 92' lang='lat' dir='ltr'><strong>docti</strong></span> <span class='ocrx_word' id='word_1_242' title='bbox 892 4315 927 4371; x_wconf 88' lang='lat' dir='ltr'><strong>et</strong></span> <span class='ocrx_word' id='word_1_243' title='bbox 943 4299 1057 4370; x_wconf 91' lang='lat' dir='ltr'><strong>critici</strong></span> <span class='ocrx_word' id='word_1_244' title='bbox 1068 4298 1135 4368; x_wconf 93' lang='lat' dir='ltr'><strong>viri</strong></span> <span class='ocrx_word' id='word_1_245' title='bbox 1147 4294 1356 4391; x_wconf 90' lang='lat' dir='ltr'><strong>triumphus</strong></span> <span class='ocrx_word' id='word_1_246' title='bbox 1366 4295 1544 4364; x_wconf 75' lang='lat' dir='ltr'><strong>maximus</strong></span> 
     </span>
     <span class='ocr_line' id='line_1_31' title="bbox 213 4415 1571 4520; baseline -0.004 -26"><span class='ocrx_word' id='word_1_247' title='bbox 213 4424 336 4498; x_wconf 83' lang='lat' dir='ltr'><strong>haberi</strong></span> <span class='ocrx_word' id='word_1_248' title='bbox 354 4427 487 4520; x_wconf 90' lang='lat' dir='ltr'><strong>debet)</strong></span> <span class='ocrx_word' id='word_1_249' title='bbox 505 4454 512 4495; x_wconf 95' lang='lat'><strong>:</strong></span> <span class='ocrx_word' id='word_1_250' title='bbox 532 4442 573 4497; x_wconf 92' lang='lat' dir='ltr'><strong>ut</strong></span> <span class='ocrx_word' id='word_1_251' title='bbox 590 4426 718 4514; x_wconf 91' lang='lat' dir='ltr'><strong>nobis,</strong></span> <span class='ocrx_word' id='word_1_252' title='bbox 740 4427 818 4495; x_wconf 87' lang='lat' dir='ltr'><strong>sine</strong></span> <span class='ocrx_word' id='word_1_253' title='bbox 832 4424 907 4495; x_wconf 89' lang='lat' dir='ltr'><strong>ullo</strong></span> <span class='ocrx_word' id='word_1_254' title='bbox 928 4423 978 4494; x_wconf 90' lang='lat' dir='ltr'><strong>rei</strong></span> <span class='ocrx_word' id='word_1_255' title='bbox 1004 4421 1247 4493; x_wconf 89' lang='lat' dir='ltr'><strong>detrimento.</strong></span> <span class='ocrx_word' id='word_1_256' title='bbox 1268 4417 1383 4487; x_wconf 89' lang='lat' dir='ltr'><strong>multo</strong></span> <span class='ocrx_word' id='word_1_257' title='bbox 1402 4415 1545 4488; x_wconf 89' lang='lat' dir='ltr'><strong>brevio·</strong></span> <span class='ocrx_word' id='word_1_258' title='bbox 1567 4461 1571 4469; x_wconf 68' lang='grc'><strong>«</strong></span> 
     </span>
     <span class='ocr_line' id='line_1_32' title="bbox 212 4536 1546 4643; baseline -0.008 -26"><span class='ocrx_word' id='word_1_259' title='bbox 212 4549 311 4621; x_wconf 86' lang='lat' dir='ltr'><strong>ribus</strong></span> <span class='ocrx_word' id='word_1_260' title='bbox 330 4574 410 4620; x_wconf 86' lang='lat' dir='ltr'><strong>esse</strong></span> <span class='ocrx_word' id='word_1_261' title='bbox 432 4550 585 4621; x_wconf 89' lang='lat' dir='ltr'><strong>licuerit.</strong></span> <span class='ocrx_word' id='word_1_262' title='bbox 610 4553 767 4635; x_wconf 82' lang='lat' dir='ltr'><strong>Tamen,</strong></span> <span class='ocrx_word' id='word_1_263' title='bbox 784 4569 1007 4643; x_wconf 88' lang='lat' dir='ltr'><strong>quamquam</strong></span> <span class='ocrx_word' id='word_1_264' title='bbox 1032 4545 1070 4613; x_wconf 93' lang='lat' dir='ltr'><strong>in</strong></span> <span class='ocrx_word' id='word_1_265' title='bbox 1085 4539 1301 4613; x_wconf 87' lang='lat' dir='ltr'><strong>arctioribus</strong></span> <span class='ocrx_word' id='word_1_266' title='bbox 1318 4562 1386 4608; x_wconf 88' lang='lat' dir='ltr'><strong>nos</strong></span> <span class='ocrx_word' id='word_1_267' title='bbox 1407 4536 1546 4610; x_wconf 81' lang='lat' dir='ltr'><strong>finibus</strong></span> 
     </span>
     <span class='ocr_line' id='line_1_33' title="bbox 208 4660 1543 4767; baseline -0.006 -25"><span class='ocrx_word' id='word_1_268' title='bbox 208 4676 395 4744; x_wconf 83' lang='lat' dir='ltr'><strong>continere</strong></span> <span class='ocrx_word' id='word_1_269' title='bbox 418 4672 650 4760; x_wconf 88' lang='lat' dir='ltr'><strong>volebamus,</strong></span> <span class='ocrx_word' id='word_1_270' title='bbox 665 4695 792 4767; x_wconf 82' lang='lat' dir='ltr'><strong>augere</strong></span> <span class='ocrx_word' id='word_1_271' title='bbox 810 4667 989 4741; x_wconf 90' lang='lat' dir='ltr'><strong>nonnulla</strong></span> <span class='ocrx_word' id='word_1_272' title='bbox 1006 4682 1043 4738; x_wconf 88' lang='lat' dir='ltr'><strong>et</strong></span> <span class='ocrx_word' id='word_1_273' title='bbox 1064 4667 1236 4751; x_wconf 86' lang='lat' dir='ltr'><strong>rectiora,</strong></span> <span class='ocrx_word' id='word_1_274' title='bbox 1255 4662 1283 4733; x_wconf 92' lang='lat' dir='ltr'><strong>si</strong></span> <span class='ocrx_word' id='word_1_275' title='bbox 1303 4660 1379 4733; x_wconf 79' lang='lat' dir='ltr'><strong>fleri</strong></span> <span class='ocrx_word' id='word_1_276' title='bbox 1399 4677 1543 4759; x_wconf 84' lang='lat' dir='ltr'><strong>posset,</strong></span> 
     </span>
     <span class='ocr_line' id='line_1_34' title="bbox 206 4786 1545 4892; baseline -0.01 -26"><span class='ocrx_word' id='word_1_277' title='bbox 206 4795 494 4892; x_wconf 79' lang='lat' dir='ltr'><strong>perfectioraque</strong></span> <span class='ocrx_word' id='word_1_278' title='bbox 528 4795 668 4866; x_wconf 88' lang='lat' dir='ltr'><strong>tradere</strong></span> <span class='ocrx_word' id='word_1_279' title='bbox 691 4799 960 4889; x_wconf 72' lang='lat' dir='ltr'><strong>ortonpoipsvor,</strong></span> <span class='ocrx_word' id='word_1_280' title='bbox 997 4790 1179 4887; x_wconf 82' lang='lat' dir='ltr'><strong>egregium</strong></span> <span class='ocrx_word' id='word_1_281' title='bbox 1211 4787 1376 4868; x_wconf 79' lang='lat' dir='ltr'><strong>criticum</strong></span> <span class='ocrx_word' id='word_1_282' title='bbox 1406 4786 1446 4856; x_wconf 87' lang='lat' dir='ltr'><strong>C.</strong></span> <span class='ocrx_word' id='word_1_283' title='bbox 1477 4788 1545 4854; x_wconf 76' lang='lat' dir='ltr'><strong>Ga·</strong></span> 
     </span>
     <span class='ocr_line' id='line_1_35' title="bbox 204 4910 1542 4992; baseline -0.003 -6"><span class='ocrx_word' id='word_1_284' title='bbox 204 4918 343 4992; x_wconf 80' lang='lat' dir='ltr'><strong>brielem</strong></span> <span class='ocrx_word' id='word_1_285' title='bbox 379 4919 482 4990; x_wconf 85' lang='lat' dir='ltr'><strong>Cobet</strong></span> <span class='ocrx_word' id='word_1_286' title='bbox 521 4917 721 4990; x_wconf 88' lang='lat' dir='ltr'><strong>identidem</strong></span> <span class='ocrx_word' id='word_1_287' title='bbox 751 4919 983 4992; x_wconf 82' lang='lat' dir='ltr'><strong>invitavimus</strong></span> <span class='ocrx_word' id='word_1_288' title='bbox 1010 4929 1049 4984; x_wconf 89' lang='lat' dir='ltr'><strong>ut</strong></span> <span class='ocrx_word' id='word_1_289' title='bbox 1076 4912 1309 4982; x_wconf 88' lang='lat' dir='ltr'><strong>Comicorum</strong></span> <span class='ocrx_word' id='word_1_290' title='bbox 1337 4910 1542 4988; x_wconf 85' lang='lat' dir='ltr'><strong>recensioni</strong></span> 
     </span>
     <span class='ocr_line' id='line_1_36' title="bbox 203 5029 1541 5137; baseline -0.011 -21"><span class='ocrx_word' id='word_1_291' title='bbox 203 5067 353 5115; x_wconf 88' lang='lat' dir='ltr'><strong>manum</strong></span> <span class='ocrx_word' id='word_1_292' title='bbox 372 5042 608 5130; x_wconf 89' lang='lat' dir='ltr'><strong>admoveret,</strong></span> <span class='ocrx_word' id='word_1_293' title='bbox 633 5041 697 5111; x_wconf 91' lang='lat' dir='ltr'><strong>sed</strong></span> <span class='ocrx_word' id='word_1_294' title='bbox 720 5043 912 5137; x_wconf 90' lang='lat' dir='ltr'><strong>impetrare</strong></span> <span class='ocrx_word' id='word_1_295' title='bbox 933 5037 979 5109; x_wconf 88' lang='lat' dir='ltr'><strong>ab</strong></span> <span class='ocrx_word' id='word_1_296' title='bbox 1006 5063 1050 5108; x_wconf 90' lang='lat' dir='ltr'><strong>eo</strong></span> <span class='ocrx_word' id='word_1_297' title='bbox 1080 5060 1154 5107; x_wconf 91' lang='lat' dir='ltr'><strong>non</strong></span> <span class='ocrx_word' id='word_1_298' title='bbox 1176 5034 1372 5130; x_wconf 91' lang='lat' dir='ltr'><strong>potuimus.</strong></span> <span class='ocrx_word' id='word_1_299' title='bbox 1401 5029 1541 5101; x_wconf 90' lang='lat' dir='ltr'><strong>Deinde</strong></span> 
     </span>
     <span class='ocr_line' id='line_1_37' title="bbox 200 5152 1538 5258; baseline -0.013 -20"><span class='ocrx_word' id='word_1_300' title='bbox 200 5166 378 5244; x_wconf 83' lang='lat' dir='ltr'><strong>illustrem</strong></span> <span class='ocrx_word' id='word_1_301' title='bbox 403 5166 524 5236; x_wconf 88' lang='lat' dir='ltr'><strong>virum</strong></span> <span class='ocrx_word' id='word_1_302' title='bbox 555 5163 765 5234; x_wconf 78' lang='lat' dir='ltr'><strong>Theodorum</strong></span> <span class='ocrx_word' id='word_1_303' title='bbox 783 5165 896 5258; x_wconf 80' lang='lat' dir='ltr'><strong>Berglr</strong></span> <span class='ocrx_word' id='word_1_304' title='bbox 926 5160 1051 5232; x_wconf 88' lang='lat' dir='ltr'><strong>eadem</strong></span> <span class='ocrx_word' id='word_1_305' title='bbox 1081 5182 1186 5255; x_wconf 90' lang='lat' dir='ltr'><strong>prece</strong></span> <span class='ocrx_word' id='word_1_306' title='bbox 1217 5153 1415 5240; x_wconf 87' lang='lat' dir='ltr'><strong>adivimus,</strong></span> <span class='ocrx_word' id='word_1_307' title='bbox 1444 5152 1538 5221; x_wconf 81' lang='lat' dir='ltr'><strong>hand</strong></span> 
     </span>
    </p>
   </div>
   <div class='ocr_carea' id='block_1_4' title="bbox 0 0 1964 5950">
    <p class='ocr_par' dir='ltr' id='par_1_6' title="bbox 0 0 1964 5950">
     <span class='ocr_line' id='line_1_38' title="bbox 0 0 1964 5950; baseline 0 0"><span class='ocrx_word' id='word_1_308' title='bbox 0 0 1964 5950; x_wconf 95' lang='lat' dir='ltr'><strong> </strong></span> 
     </span>
    </p>
   </div>
  </div>
 </body>
</html>
