3917 5950
253 508 307 560 192

628 639 643 696 ίι

290 745 465 819 Porphyrius
476 747 505 799 in
516 743 627 799 scholio
641 744 747 798 Veneto
760 741 796 798 ad
807 741 890 799 Iliad.
905 740 940 809 K,
955 738 1012 796 αὖα
1025 757 1033 798 t

251 836 284 894 E.
306 855 335 890 τι
349 833 402 911 xp.
415 831 485 909 γίνιι

298 988 327 1027 α.
347 955 374 1028 ὸ
398 960 497 1053 τρίτος
516 951 551 1026 δὲ
567 950 711 1043 δέκατος,
733 958 863 1048 τυρλδς,
888 961 905 1023 6
926 962 1033 1031 καλιὴν

935 1062 1033 1152 ἔχων·

297 1176 313 1237 ὁ
328 1169 510 1263 στιγματίας
523 1168 668 1260 τίταρτός
684 1171 767 1234 ἐστιν
782 1165 834 1232 ἐπὶ
850 1158 944 1233 δίκα·

295 1279 437 1369 πέμπτος
460 1268 521 1342 δ’ὁ
545 1272 671 1368 πυρρός·
690 1276 776 1350 ἕκτος
794 1276 811 1337 6
828 1264 1032 1366 διιστραμμί-

967 1404 1031 1457 νος·

319 1487 423 1581 χοῦτοι
440 1490 494 1580 μίν
506 1488 561 1554 eio’
577 1479 730 1554 ἑκκαίδεκ’
747 1486 789 1563 εἰς
799 1480 1028 1578 λρχίστρατον,

272 1589 292 1659 5
319 1597 346 1671 ἐς
361 1587 396 1660 δὲ
416 1593 567 1687 ραλακρδν
582 1587 664 1659 τόνδ’
681 1583 888 1659 ἑπτακαίδεκ’.
910 1595 942 1675 β.
961 1581 1030 1685 ίσχε

317 1725 348 1766 α.
368 1690 487 1792 ὄγδοος
499 1703 515 1765 6
528 1699 582 1764 τδν
596 1693 717 1791 τρίίων’
735 1698 826 1789 ἔχων.
957 1690 1030 1789 [δή.

243 1847 333 1902 Versu
354 1865 366 1900 1
381 1845 470 1920 vulgo
483 1842 637 1909 Διοδίκατος
650 1845 665 1901 δ
678 1841 789 1924 τυρλδς,
799 1841 907 1921 τρίτοςδ
920 1840 967 1913 rhu
979 1863 1028 1900 κα·

243 1929 290 2000 λην
301 1930 378 2010 ἔχων,
387 1932 438 1989 sed
449 1943 525 1989 recte
534 1933 655 1991 Beklter.
672 1929 788 1995 δίκατος.
805 1927 897 1999 Καλὴν
907 1932 1029 2006 proclivi

243 2022 321 2095 lapsu
342 2022 481 2095 scriptum
499 2039 555 2095 pro
574 2017 680 2089 καλιήν.
696 2022 742 2076 illi
759 2020 843 2075 semel
857 2019 978 2076 admisso
993 2018 1030 2076 ab

243 2109 382 2183 imperitis
395 2107 510 2166 additus
523 2118 564 2166 est
582 2110 611 2168 et
621 2110 764 2166 sententiae
778 2117 806 2165 et
819 2118 911 2165 metro
931 2127 1029 2165 neces·

242 2199 330 2253 sarius
338 2200 412 2253 visus
424 2198 576 2268 articulus,
588 2216 674 2272 quem
685 2197 791 2268 delevi,
803 2215 839 2253 ne
848 2198 1029 2272 corripienda

241 2295 312 2341 esset
324 2285 418 2341 media
431 2288 477 2342 τοῦ
489 2281 593 2353 καλιήν.
606 2284 749 2342 Hesiodus
761 2281 841 2362 Ἐργ,
855 2303 914 2359 ²99
932 2302 939 2343 τ

280 2410 417 2490 Ἐργᾶζευ,
432 2410 537 2492 Πέρση,
553 2411 606 2470 δῖον
619 2411 703 2491 γίνος,
716 2412 784 2493 ὄφρα
797 2435 826 2471 σε
841 2412 925 2489 Λιμὸς

281 2497 390 2579 ἐχθαίρῃ
400 2544 409 2571 ,
421 2496 498 2578 φιλίη
509 2497 537 2557 δὲ
550 2497 706 2580 ίῡατίρανος
715 2498 847 2579 Δημήτηρ

281 2587 383 2663 αἰδοίη,
402 2584 490 2665 βιότου
502 2584 530 2645 δὲ
542 2585 605 2658 τεὴν
616 2585 752 2667 πίμπλησι
765 2587 895 2660 καλιήν.

240 2720 304 2773 Non
316 2737 388 2793 opus
402 2728 434 2774 ut
447 2728 606 2793 reponatur
624 2715 730 2793 καλιδν,
749 2715 890 2791 siquidem
902 2717 1020 2772 Atticis-

238 2826 300 2862 mus
312 2818 391 2863 retus
406 2817 516 2862 tautmn
536 2826 596 2863 non
612 2807 688 2863 idem
710 2816 751 2862 est
765 2807 890 2862 lonismo
908 2799 1024 2872 τκαλιὴν

238 2892 306 2971 ἔχων
319 2893 329 2969 ί
342 2894 485 2968 Ατὶοῑορίι.
503 2877 556 2951 Ar.
573 2902 642 2965 247,
656 2904 712 2952 etc.
723 2891 746 2969 l,
760 2912 856 2948 casam
876 2892 1016 2960 habitans,

236 2995 268 3038 nt
278 3000 398 3068 pauper.
408 2982 528 3042 Meinek.
539 2983 744 3058 proponebatd
755 2979 804 3052 τλν
818 2980 929 3050 κιολῆν
942 2977 1023 3057 ἔχων.

238 3076 269 3127 V.
292 3070 389 3130 3cod.
405 3067 537 3149 ὁπιίργος.
553 3071 590 3129 V.
609 3080 625 3141 l,
643 3069 707 3127 eod.
722 3067 768 3127 καί
781 3058 860 3129 odere
871 3064 919 3148 pia
934 3067 970 3132 τίς
980 3068 1025 3124 ἑκ·

236 3151 362 3227 καίδεκα,
372 3156 397 3222 t<
412 3152 486 3235 Ἇρχ.
505 3181 518 3208 ι
534 3158 732 3215 Ατολισοῑιιιιιιο
743 3157 790 3212 hic
802 3155 918 3212 sortasse
930 3156 954 3209 is
970 3166 1020 3227 est,

235 3263 320 3318 quem
338 3245 457 3302 Chaereae
479 3255 591 3320 patrem
612 3246 681 3301 dicit
700 3244 790 3303 Thuc.
809 3242 838 3312 8,
857 3248 906 3313 74,
931 3242 1023 3316 impe-

235 3344 360 3388 ratorem
388 3334 601 3389 Atheniensium
622 3336 697 3389 circa
727 3334 835 3406 olymp.
864 3330 900 3401 87
925 3329 1021 3405 (481-

237 3418 294 3486 428
307 3431 372 3476 ante
384 3420 455 3480 Chr.
466 3431 524 3478 nat.
537 3418 565 3497 )‚
590 3421 694 3477 eodem
708 3431 827 3476 auctore
844 3439 870 3490 1,
895 3417 930 3490 57
946 3436 953 3476 :
970 3420 1021 3492 qui

749 494 951 554 COMOEDIAE
974 493 1135 554 vn'tnnts
1157 494 1363 568 RELlQUlAE.

1082 624 1226 706 φαλακρόν.
1240 630 1314 684 Num
1327 629 1542 702 Aristophanem
1554 630 1636 704 dicit,
1648 650 1685 687 an
1701 635 1869 711 Lachetem,

1082 719 1125 773 vel
1136 717 1288 776 Gerctern‘l
1299 737 1327 775 ν.
1340 718 1431 776 schol.
1446 722 1529 793 Vesp.
1544 729 1613 791 ata,
1627 724 1753 782 Acharn.
1766 724 1837 779 603.
1853 745 1869 780 n

1081 808 1107 862 Ε
1117 808 1161 861 Μ.
1173 810 1205 864 V.
1219 807 1237 862 6
1251 805 1319 863 cod.
1330 801 1431 880 ”0766
1440 804 1469 862 τὸ
1481 805 1615 885 τριὸιίινιον
1630 805 1718 887 ίχιον,
1730 811 1872 870 ίασίίίίωε

1081 894 1267 968 agnoscendis
1280 896 1356 951 velut
1366 895 1502 970 gradibus
1522 900 1730 972 corruptionis,
1747 899 1794 957 τὸν
1808 924 1870 979 τρι-

1081 979 1189 1057 ὅιίνων,
1211 980 1241 1038 τδ
1258 979 1405 1060 τριὸώνιον.
1425 1007 1438 1034 ι
1457 984 1584 1040 Ceterum
1598 988 1750 1061 Eupolidis
1768 991 1890 1066 locum¹

1080 1073 1255 1147 Porphyrius
1275 1090 1311 1129 eo
1325 1073 1443 1128 consilio
1466 1073 1602 1147 laudavit,
1622 1086 1655 1130 ut
1674 1077 1747 1133 illud
1766 1097 1869 1137 nume·

1078 1160 1159 1216 randi
1171 1177 1260 1235 genus
1273 1160 1435 1230 illusmaret,
1446 1179 1506 1234 quo
1519 1180 1549 1218 r.
1566 1180 1592 1216 c.
1607 1159 1710 1238 τρίτος,
1728 1160 1868 1243 τέταρτος,
1939 1225 1940 1228 ,

1079 1256 1144 1317 etc,
1159 1248 1200 1303 ita
1213 1247 1330 1322 dicitur,
1350 1257 1383 1302 ut
1401 1248 1472 1303 alius
1494 1266 1629 1305 numerus
1648 1268 1684 1305 ex
1705 1256 1870 1327 pregroesis

1078 1335 1261 1391 assumendus
1271 1337 1317 1391 sit.
1329 1335 1453 1391 Eandem
1465 1337 1496 1391 in
1505 1353 1566 1392 rem
1577 1335 1636 1392 duo
1643 1339 1760 1395 Pindari
1770 1360 1868 1397 exeun-

1076 1439 1124 1513 pla
1136 1438 1221 1494 affert
1234 1436 1331 1515 [apud
1341 1438 1454 1496 Boechh.
1464 1457 1495 1514 p.
1513 1439 1585 1516 ινδ)
1600 1451 1629 1496 et
1642 1459 1734 1498 unum
1745 1445 1868 1500 Hesiodi

1077 1526 1154 1602 Opp.
1170 1525 1239 1603 696.
1256 1527 1321 1581 ult.

1116 1719 1212 1777 Schol.
1224 1720 1369 1794 Aristoph.
1385 1723 1469 1795 Vesp.
1480 1719 1539 1794 925
1555 1740 1561 1774 :
1573 1722 1692 1799 σκῖρον
1703 1720 1735 1779 τδ
1747 1725 1866 1802 perdide<
1939 1719 1940 1754 ί

1077 1804 1107 1863 τδ
1123 1804 1168 1862 ἐπί
1179 1807 1231 1863 τῶν
1243 1806 1344 1886 copthi,
1359 1807 1395 1872 ὡς
1409 1807 1442 1867 Ε.
1458 1807 1509 1886 Χρ.
1521 1829 1548 1884 γ.
1567 1832 1579 1858 ι
1596 1807 1694 1875 notai<
1706 1809 1759 1890 γὰρ
1770 1812 1864 1879 οὐδείς

1077 1893 1202 1973 τροραλὶς
1219 1893 1236 1926 ⁴¹
1252 1893 1338 1966 ἐκείνη
1355 1894 1394 1974 ἐρ’
1410 1894 1480 1974 ὕδωρ
1499 1894 1612 1973 βαδίζει,
1631 1897 1738 1978 σκίρρον
1759 1902 1862 1981 ἠμφιε-

1076 1981 1171 2060 σμίνη.
1185 2008 1197 2034 ν
1209 1984 1399 2041 Scribendurn
1413 1995 1454 2041 est
1467 2003 1532 2041 meo
1543 1982 1654 2057 judicio

1124 2100 1235 2177 Λοιπδς
1251 2097 1308 2192 γὰρ
1330 2092 1437 2177 οὐδείς·
1454 2098 1597 2190 τροφαλῖς
1611 2099 1642 2182 ἐξ
1654 2099 1784 2169 ἐκοινουΐ

1124 2201 1168 2295 ἐρ’
1179 2195 1260 2296 ὕδωρ
1280 2196 1398 2288 βαδίζει
1419 2212 1520 2297 σκῖρον
1535 2208 1736 2297 ἠμφιεσμένη.

1074 2332 1209 2388 Similiter
1221 2332 1316 2388 Crates
1325 2333 1354 2386 in
1363 2328 1472 2408 Θηρίοις
1485 2331 1520 2386 fr:
1542 2351 1566 2390 1.
1578 2331 1616 2391 V.
1634 2351 1644 2388 1
1660 2331 1753 2408 οὐδείς,
1767 2337 1858 2392 intell.

1074 2418 1174 2490 δοῦλος,
1186 2430 1219 2475 ut
1230 2421 1325 2476 Crates
1337 2421 1356 2473 Ι.
1373 2420 1393 2473 l.

1113 2510 1229 2572 Ἔπειτα
1249 2513 1339 2570 δοῦλον
1354 2511 1413 2570 olel
1436 2501 1472 2577 εἷς
1491 2511 1643 2585 κεκτήσετ’,
1669 2512 1727 2572 coll
1748 2514 1855 2588 δούλην.

1076 2601 1138 2677 (Cf.
1161 2620 1226 2658 ann.
1249 2601 1286 2657 ad
1308 2602 1344 2657 sr.
1360 2602 1412 2675 9.)
1433 2600 1599 2681 Dindorfius
1623 2599 1692 2671 πλὴν
1706 2600 1816 2679 (Mein.
1839 2611 1855 2676 ἡ

1072 2688 1195 2768 τρσραλλτ
1206 2686 1312 2758 ίκεινηΐ.
1327 2689 1411 2746 Posui
1425 2687 1451 2755 ἐξ
1464 2685 1583 2761 ίκεινοοί,
1598 2702 1631 2746 ut
1642 2692 1673 2748 ίκ
1693 2689 1790 2751 τούτου
1800 2707 1826 2751 et
1831 2701 1862 2754 si·

1072 2778 1165 2846 milia,
1189 2779 1301 2844 exilio,
1330 2778 1417 2833 intell.
1435 2791 1570 2852 tempore,
1585 2798 1644 2853 quo
1667 2783 1755 2856 coepit
1771 2801 1856 2840 amen

1073 2861 1272 2928 aetas,utdisit
1287 2867 1414 2935 Tacitus,
1431 2867 1504 2925 Anu.
1519 2886 1592 2938 12‚7
1611 2887 1618 2920 :
1634 2893 1647 2917 ι
1663 2867 1756 2927 Versa
1766 2890 1802 2927 ex
1820 2892 1854 2929 eo

1072 2952 1180 3011 civitas.
1197 2952 1495 3029 »Respiciuntlocum
1512 2954 1630 3011 Photius
1652 2976 1682 3032 p.
1697 2955 1770 3030 607,
1785 2958 1853 3036 Τρο-

1071 3040 1147 3119 ραλίς
1164 3039 1269 3121 treptie.
1285 3039 1366 3106 οὕτως
1379 3042 1412 3101 Ε.
1427 3045 1523 3116 Etym.
1539 3045 1578 3099 M.
1595 3063 1627 3120 p.
1651 3044 1716 3115 713,
1737 3053 1753 3113 4
1769 3067 1777 3101 :
1794 3048 1849 3104 σκῖ·

1072 3130 1165 3206 pactoli
1175 3128 1246 3208 ίντῷ
1254 3130 1324 3208 τυρῷ
1337 3127 1428 3209 ῥύπου.
1443 3130 1503 3210 Ἐφ’
1514 3129 1594 3210 ὕδωρ,
1604 3132 1635 3189 h.
1650 3152 1677 3191 c.
1687 3134 1726 3189 ad
1735 3132 1852 3193 fluvium

1070 3218 1114 3273 vel
1133 3235 1209 3273 mare
1231 3236 1385 3290 navesque,
1404 3217 1508 3293 quibus
1529 3219 1664 3275 evehatur
1684 3221 1848 3278 vendendus

1070 3325 1174 3363 caseus.

1447 3385 1475 3440 6.

235 3526 305 3561 num
326 3508 401 3564 idem
430 3506 580 3563 habendus
605 3511 640 3564 'sit
656 3528 722 3564 cum
742 3509 792 3564 illo
812 3507 891 3580 cujus
912 3506 1020 3562 dictum
1108 3499 1209 3553 Pollux
1225 3517 1271 3568 ιο,
1287 3505 1341 3564 ιῐιο
1356 3518 1362 3551 :
1379 3496 1412 3555 τὰ
1427 3495 1455 3555 δὲ
1465 3496 1578 3576 κουρίαι
1586 3498 1668 3573 σκεύη
1684 3500 1780 3574 κτένες,
1792 3526 1848 3561 κον-

234 3592 270 3648 de
284 3593 430 3649 Alcibiade
445 3634 454 3663 ,
468 3596 503 3659 ὡς
516 3597 534 3662 η
548 3591 647 3658 Ἑλλὰς
660 3591 750 3651 οὐκᾶν
771 3591 865 3670 ἤνεγκε
885 3590 931 3649 δύο
954 3590 1021 3651 Ἀλ-
1067 3585 1134 3664 pidet
1156 3586 1304 3664 μάχαιραι,
1327 3585 1491 3665 μοχαιρίδετ·
1515 3589 1542 3645 ἐν
1565 3587 1613 3665 μὲν
1638 3589 1691 3669 γὰρ
1722 3590 1847 3669 Κρατίνου

233 3676 368 3749 κιὸιοίδας,
389 3692 480 3737 exstat
500 3680 578 3755 apud
598 3679 785 3737 Plutarchum
806 3681 902 3737 Alcib.
919 3699 945 3735 c.
969 3680 1017 3751 16,
1066 3672 1367 3753 Διονυσαλεξάνδρῳίν.
1379 3676 1412 3733 fr.
1427 3675 1515 3752 ²l····
1529 3677 1555 3734 ἐν
1567 3676 1595 3735 δὲ
1607 3677 1706 3758 Χρυσῷ
1717 3677 1784 3756 γένει
1798 3681 1846 3740 Εὖ·

233 3776 262 3820 et
279 3765 420 3821 AEliannm
434 3770 467 3824 V.
486 3768 524 3822 H.
543 3786 590 3837 11,
606 3786 634 3838 7,
653 3786 714 3822 non
727 3766 871 3824 definiam.
887 3767 1018 3839 Itemque
1066 3763 1170 3829 arditio<

233 3865 327 3926 potest
339 3864 372 3909 ut
387 3854 458 3909 alius
473 3854 557 3910 inierit
570 3855 616 3910 vir
636 3855 829 3930 cognominis,
849 3854 909 3928 qui,
929 3872 1018 3927 quum
1115 3854 1215 3947 ἐπἐιρν

232 3943 311 4015 pacis
339 3941 520 3998 conditiones
547 3944 583 3999 ab
603 3943 824 3999 Lacedaemoniis
850 3942 919 3997 latas
950 3960 1017 3997 sua-

231 4032 329 4104 sisset,
344 4048 404 4086 eam
419 4029 458 4086 ob
476 4049 589 4087 causam
616 4032 647 4086 in
670 4032 782 4086 vincula
797 4030 943 4101 conjectus
962 4041 1030 4104 est,

231 4129 300 4174 teste
317 4119 513 4194 Xenophonte
533 4120 609 4175 Hell.
636 4137 665 4189 a,
693 4138 730 4189 n,
753 4117 806 4187 153
835 4127 863 4174 et
886 4134 954 4174 sane
978 4118 1015 4172 ab
1062 4110 1126 4171 Ἀπδ
1141 4116 1187 4183 τῆς
1202 4114 1265 4185 ὑπ,
1280 4114 1355 4170 lacto
1370 4116 1452 4171 initio
1470 4116 1754 4173 tondendiabarba.
1769 4119 1842 4174 Libri

230 4206 273 4260 his
283 4204 497 4282 distinguendus
508 4207 624 4263 videtur
643 4217 721 4262 vates
741 4206 957 4279 Archestratus,
979 4204 1015 4260 de
1062 4200 1112 4258 ὑπὸ
1123 4203 1168 4270 τῆς
1178 4203 1234 4272 ὑπ,
1248 4202 1352 4277 dequo
1363 4221 1461 4259 errore
1472 4204 1638 4261 diximusad
1650 4206 1745 4265 Thue.
1759 4207 1787 4277 6,
1798 4205 1840 4279 69.

229 4293 308 4364 cujus
326 4297 486 4351 macilentia
503 4293 623 4352 Polemo
642 4295 746 4351 Athen.
769 4312 816 4363 ra,
831 4312 862 4367 p.
878 4291 954 4362 552,
969 4293 1012 4362 E,
1060 4291 1179 4345 Photius
1195 4309 1226 4364 p.
1242 4288 1309 4361 250,
1325 4289 1511 4368 Μαχαιρίδιςε
1530 4292 1556 4348 αἱ
1570 4291 1690 4369 κουρικαὶ
1704 4290 1838 4371 μάχαιραι.

228 4381 369 4439 ridicule:
393 4380 582 4460 Ἀρχέστρατον
599 4382 643 4440 τὸν
659 4380 766 4458 μάντιν,
783 4379 879 4438 ἁλόντα
896 4379 946 4437 ὑπὸ
962 4382 1013 4436 τῶν
1058 4374 1142 4442 οὕτως
1152 4377 1186 4435 Ε.
1202 4379 1289 4434 Mein.
1302 4389 1446 4435 tonsorem
1459 4380 1600 4454 aliquem,
1611 4379 1729 4436 fortasse
1740 4382 1839 4454 Diony·

228 4467 359 4543 asclepion
370 4467 415 4527 καλ
430 4469 471 4527 ἐπὶ
488 4468 563 4547 ζνγδν
578 4467 773 4544 ἀναὸληθέντα,
792 4467 903 4547 (φασὶν)
919 4465 1012 4524 teuton
1058 4466 1132 4521 sium
1144 4465 1220 4540 apud
1234 4465 1382 4524 Cratintnn
1399 4467 1510 4540 Seriph.
1532 4485 1561 4536 2,
1578 4466 1693 4522 irrideri
1714 4468 1837 4541 putabat,

228 4554 308 4623 ὁλκὴν
318 4559 452 4633 εὑρεθῆναι
461 4555 565 4636 ἔχοντα·
576 4556 657 4624 οὕτως
668 4548 699 4628 ἦν
708 4557 804 4634 ίσρνός.
815 4559 915 4612 Narrat
927 4557 1012 4611 etiarn
1059 4566 1195 4628 tanquam
1210 4572 1286 4622 eum,
1302 4555 1352 4626 qui
1372 4555 1482 4611 reditus
1501 4556 1622 4611 civitatis
1641 4556 1672 4610 in
1692 4575 1759 4612 suos
1781 4573 1837 4611 usin

229 4646 430 4701 Eustathinsad
442 4649 525 4701 Hom.
535 4667 565 4723 p.
574 4647 661 4718 1288,
672 4647 720 4713 45.
734 4650 767 4702 V.
782 4644 895 4720 livulgo
901 4644 926 4707 ἐς
933 4638 960 4699 δὲ
968 4640 1011 4697 τὸν
1058 4651 1224 4697 convertere
1245 4641 1401 4696 videretur.
1422 4643 1478 4698 Sed
1497 4642 1635 4714 ejusmodi
1649 4662 1771 4716 persona
1784 4661 1836 4697 non

1231 3886 1247 3945 6
1264 3881 1400 3968 κουρεὺς,
1418 3880 1473 3957 τὰς
1489 3874 1670 3974 μαχαιρίδας
1685 3879 1798 3970 λαθὼν,

1113 3986 1172 4051 ἀπὸ
1188 3994 1244 4062 τῆς
1262 3986 1376 4062 ὑαίνης
1394 3991 1619 4079 κατακερεῒτὴν
1635 3989 1784 4082 ιίσροροίν.

737 4765 769 4773 -
1042 4757 1559 4769 ...ι-...ψηψ--ωη-ψ-..η-..η--οι
1563 4757 1832 4768 w———a-

605 4820 632 4868 4.
1433 4814 1461 4863 5.

227 4910 252 4951 ο.
269 4898 304 4950 Et
314 4893 437 4951 decimus
447 4897 543 4953 tertius
551 4912 652 4964 cacus,
664 4900 711 4970 qui
722 4915 810 4955 casam
824 4897 943 4962 habitan
1056 4900 1154 4956 Nullus
1174 4899 1248 4954 enirn
1271 4899 1407 4961 (servus)
1425 4902 1564 4966 superest3
1582 4910 1681 4952 caseus
1695 4910 1788 4951 reeens
1805 4909 1833 4947 er

228 4982 380 5052 stigmatias
394 4992 436 5039 est
446 4981 569 5041 decimus
578 4993 707 5057 quartns3

226 5069 348 5140 quintus,
361 5067 454 5137 rulus;
469 5078 572 5138 sextus,
588 5070 699 5141 valgus3

226 5162 252 5209 et
265 5153 291 5208 hi
306 5153 418 5225 quidem
433 5155 568 5228 usquead
582 5156 787 5216 hrcliestroturn
801 5166 867 5214 sunt
880 5158 1009 5223 sedecim,

225 5257 289 5296 curn
304 5242 380 5297 calvo
392 5250 485 5298 autem
497 5242 549 5299 hoc
557 5242 762 5316 septemdecim.
779 5245 805 5299 h.
819 5246 920 5301 Desine
934 5261 1008 5302 sanc.

176 5390 179 5395 ,
225 5344 249 5381 a.
265 5330 383 5383 ortanus
395 5336 437 5384 est
451 5329 571 5386 hichita
587 5338 658 5387 veste
672 5330 794 5386 indutus.

1792 4979 1835 5034 illo

1056 5087 1154 5144 aquam
1166 5070 1232 5137 adit,
1246 5069 1293 5125 uhi
1306 5075 1398 5124 crusta
1411 5067 1522 5124 vestitus
1533 5073 1583 5122 est.
1783 4983 1790 5048 Ι

1428 5163 1455 5211 6.

1056 5244 1162 5303 Deinde
1177 5255 1269 5302 tonsor
1280 5245 1396 5316 sumptis
1409 5243 1571 5305 rnochaeriis,

1055 5351 1069 5389 o
1085 5333 1167 5390 batha
1177 5335 1318 5407 incipiens,
1332 5332 1488 5390 attondehit
1498 5331 1621 5401 vectigal.
