3917 5950
825 489 996 552 ruentis.

98 616 259 672 Selomnino
271 619 436 695 inelegans
450 634 497 679 est
509 625 601 679 oratio
611 635 638 679 et
651 636 797 699 corrupta.
810 626 889 680 Scri-

102 709 242 780 tnn,pure
256 719 362 781 poetar
377 711 468 784 apud
483 713 610 772 Interes:
830 697 837 722 f

18 891 31 923 4
145 851 167 890 u
183 812 303 915 ‘timp
320 824 386 917 γὰρ
405 822 451 904 εἷς
469 828 507 894 τὸ
520 835 569 894 νῦν
582 826 641 910 τίς,
658 830 691 893 δν
705 832 734 918 γ’
748 829 828 894 ἔστιν
842 829 892 893 λε’·

22 995 27 1003 .
810 956 892 1024 γειν;

24 1105 27 1111 ,
144 1043 174 1122 β.
197 1031 225 1104 ί)
247 1031 411 1131 Boiu-su<
429 1036 572 1132 ἄριστος,
587 1041 760 1131 ἁλιτήριος.

103 1168 216 1222 literam
238 1184 404 1242 personam
420 1169 540 1224 immisit
561 1168 647 1225 blein.
672 1171 706 1225 V.
728 1183 747 1223 s
769 1164 814 1223 ti.
838 1183 893 1243 pro

103 1253 224 1332 ἀλιτήριος
246 1256 403 1311 Porsonus
426 1256 503 1315 Adr.
524 1273 556 1331 p.
584 1255 634 1328 75.
660 1257 793 1330 buzygen
817 1266 895 1313 recte

100 1343 249 1401 Prommel.
276 1344 426 1400 intellexit
449 1347 681 1412 Demostratum,
708 1343 745 1399 de
768 1361 827 1417 quo
854 1345 891 1404 ct.

98 1431 263 1503 51911134.
285 1433 363 1487 Etmr
376 1434 502 1508 Βοαρίας
515 1435 559 1489 De
572 1434 645 1506 Eup.
667 1432 764 1487 Demis
783 1443 812 1487 et
833 1434 893 1490 Cir.

97 1540 126 1593 p.
137 1520 187 1594 56,
196 1517 337 1597 ἀλιτήριον
349 1521 463 1577 dietum
477 1521 811 1595 urbitmturproptereu,
825 1523 894 1594 quia

94 1607 217 1678 majores
235 1609 299 1681 ejus
316 1608 440 1682 Cylonei
458 1610 569 1682 piaculi
590 1611 600 1685 )
618 1608 760 1665 herodot.
782 1607 810 1681 5,
831 1627 865 1678 71
885 1630 893 1678 ;

96 1693 185 1755 lhuc.
204 1716 232 1767 1,
250 1697 323 1775 126)
335 1697 493 1774 participes
507 1697 624 1756 fuerint.
655 1715 663 1732 .

485 1809 516 1865 8.

142 1924 222 1980 Plut.
235 1925 270 1981 t.
284 1925 377 1983 Alcib.
393 1943 460 2000 cap,
477 1925 525 1997 13,
538 1924 574 1980 de
587 1924 700 1980 l'liaeace
715 1945 722 1978 2
740 1911 771 1993 ἧν
784 1921 846 2001 γὰρ,
858 1923 895 1986 ὡς

98 2007 225 2074 Εὔπολίς
236 2032 313 2088 φησι,

150 2131 269 2189 Λαλεῖν
282 2121 422 2215 ἄριστος,
444 2118 681 2201 ἀδυνατώτατος
701 2126 811 2217 λέγειν.

95 2253 238 2308 imitante
247 2254 307 2310 hoc
320 2256 471 2310 Sallustius
482 2255 555 2311 Geli.
569 2258 603 2313 Ν.
614 2257 650 2313 A.
669 2274 695 2325 1,
710 2255 744 2312 15
762 2277 769 2310 :
790 2258 896 2330 hquaae

89 2346 197 2411 111αὲιέ
207 2339 458 2414 quiumsnoundus.
469 2344 512 2398 Ex
523 2342 626 2398 eodem
635 2344 781 2417 colloquio
790 2345 897 2419 petitus

90 2446 215 2512 persus,
244 2428 324 2484 unde
350 2429 410 2484 duo
438 2430 596 2504 fragmenta
624 2431 826 2504 praecedentia.
854 2434 897 2488 De

88 2516 221 2572 Pbmce
235 2516 275 2572 ct.
293 2519 398 2593 Bergk.
412 2518 586 2575 commenti.
599 2537 630 2593 p.
645 2519 715 2590 237.

488 2650 518 2705 9.

133 2742 225 2798 ldem
240 2747 276 2800 V.
295 2745 415 2800 Periclis
430 2763 495 2821 cap.
511 2751 548 2812 14
564 2766 570 2800 :
585 2745 656 2803 δοκεῖ
669 2742 697 2802 δὲ
711 2743 812 2801 καὶτὸν
825 2742 897 2804 νόθον

89 2831 123 2885 ε’νι
144 2826 254 2900 ταύτης
270 2827 451 2908 (Ἀσπασίας)
474 2833 621 2903 τεκνῶσαι,
633 2822 737 2911 repleb
756 2831 897 2904 πεποίηκεν

94 2914 629 3000 Ιί.ίνΔ.αθνδνμίνοθυςίροιτῶντι

145 3041 488 3145 ὸνόθοςδέμοιζῇς

95 3182 142 3241 τὸν
159 3183 188 3243 δὲ
208 3182 377 3264 Μυρωνίδην
396 3184 601 3267 ἀποκρινόμενον

149 3352 204 3368 -·-
219 3318 290 3385 Καί
308 3320 407 3385 πάλαι
429 3325 460 3411 γ’
480 3315 517 3385 διν
538 3318 575 3392 ἦν
594 3321 678 3411 ἀνὴρ,

150 3427 181 3491 εί
201 3431 245 3516 μὴ
264 3428 304 3491 τὸ
326 3435 382 3502 τῆς
403 3427 513 3519 πόρνης
531 3429 582 3493 ὕπ’
603 3418 735 3519 ὠρρώδει
751 3427 853 3496 κακόν.

98 3576 263 3647 Perperam
272 3573 342 3628 libri
355 3592 416 3629 uno
427 3574 519 3630 verbo
534 3570 703 3651 θπιορροίδει,
719 3576 894 3643 subtimeret,

100 3663 186 3734 quasi
197 3650 366 3719 nothus'iue
377 3662 494 3718 Periclis
507 3661 582 3718 lilius
592 3664 687 3719 nescio
699 3663 779 3736 quod
794 3665 901 3719 malum

101 3751 269 3806 muscis
278 3751 512 3825 Amniaeleriter
523 3752 666 3807 timuisset.
683 3754 775 3808 ltume
783 3750 902 3829 ὠρρώδει

102 3836 190 3895 aab
205 3835 239 3895 τὸ
262 3836 315 3894 ὑπὸ
336 3840 384 3908 τῆς
406 3835 521 3916 πόρνης,
535 3841 566 3895 h.
581 3859 608 3899 e.
630 3841 784 3915 interprete
800 3842 900 3910 Mein„

109 3953 121 3973 ·
144 3928 231 4003 quod
250 3930 402 3985 meretrice
416 3939 517 3984 uatum
530 3947 560 3984 se
574 3941 708 3998 uouerat,
724 3930 755 3985 id
776 3930 901 3985 animum

102 4013 170 4085 ejus
179 4016 373 4090 deprimebat.
389 4041 401 4065 υ
417 4018 517 4090 Neque
532 4017 608 4075 euim
626 4017 744 4081 Athenis
758 4017 855 4086 nothi,
871 4029 903 4074 ut

106 4103 192 4158 liberi
208 4104 352 4177 legitimi,
365 4102 462 4159 statim
474 4120 493 4158 a
504 4103 654 4160 nativitate
666 4105 769 4159 tubulis
779 4105 902 4179 publicis

105 4191 361 4265 inscribebantur,
382 4203 409 4247 et
427 4193 547 4247 omnino
568 4191 695 4248 deterior
721 4203 783 4248 erat
804 4212 903 4249 eorum

106 4278 242 4334 conditio
256 4300 262 4333 :
276 4298 306 4336 v.
319 4281 354 4337 L.
367 4278 444 4334 Bosii
458 4280 555 4353 Antiq.
567 4280 617 4337 Gr.
631 4298 662 4355 p.
683 4279 740 4335 213
753 4280 799 4336 ed.
814 4282 902 4351 Zeno,

104 4378 248 4422 motata
261 4368 350 4423 uobis
361 4367 399 4422 ad
408 4365 514 4441 Odyss.
527 4372 558 4433 4,
577 4379 689 4438 12,etc.
707 4366 839 4428 Ceterum
851 4388 904 4425 nc-

107 4474 197 4527 quam
223 4455 343 4510 fuerrmt
365 4457 484 4511 Periclis
501 4452 553 4509 lilii
576 4456 692 4531 legitimi
715 4474 722 4509 ε
744 4474 773 4514 ν.
794 4457 829 4513 ir.
857 4474 902 4515 ro.

107 4540 208 4600 Schol.
231 4544 361 4598 Platonis
375 4563 404 4617 p.
429 4542 484 4616 391
511 4542 599 4601 uehi.
623 4563 630 4598 :
652 4540 715 4621 ίσχε
736 4541 763 4599 δὲ
780 4540 805 4609 ἐξ
826 4544 905 4613 αὐτῆς

108 4630 274 4705 (Aspasiam
287 4631 402 4706 dicirit
424 4630 558 4708 Περικλῆς
580 4629 652 4689 νόθον
673 4627 743 4700 oliv,
765 4630 806 4710 ἐρ’
824 4620 905 4709 ᾧκαὶ

111 4717 255 4790 ἐτελεύτα,
277 4718 331 4775 τῶν
348 4716 465 4793 γνησίων
489 4716 733 4794 προαποθανόντων,
755 4719 790 4782 ὡς
813 4717 846 4776 Ε.
871 4722 904 4776 Δ.

498 4892 525 4942 8.

107 4975 239 5031 Genitor
250 4975 388 5048 optimus,
399 4972 650 5046 impotentissimus
659 4982 762 5029 orator.

498 5067 527 5117 9.

110 5155 174 5204 Per.
191 5150 299 5206 Nothus
312 5156 408 5207 autem
421 5162 460 5203 au
473 5147 543 5203 mihi
555 5146 637 5203 vivit?

112 5241 186 5308 slyr.
201 5240 234 5294 Et
249 5237 358 5295 dudem
373 5238 416 5292 rir
427 5235 522 5292 iactus
533 5243 618 5299 esset.

111 5326 162 5380 nisi
174 5327 344 5384 auremtrice
355 5326 467 5380 timeret
481 5323 597 5380 molum.

1667 506 1721 556 ltiil

939 627 1083 700 llarpocr.
1093 644 1125 701 p.
1142 624 1190 695 37,
1208 625 1244 681 18
1259 646 1265 679 :
1280 624 1351 682 δοκεῖ
1362 621 1388 691 ii
1400 626 1482 696 αὐτῆς
1494 624 1636 703 temate·
1648 630 1662 684 θ
1673 625 1724 686 Πε·

938 712 1030 789 perdite
1039 711 1084 770 τδν
1097 710 1236 788 ὁμώνυμον
1244 713 1318 792 αὐτῷ
1331 710 1464 790 Πιρικλία
1472 712 1517 771 τὸν
1529 713 1614 788 νόθον,
1625 718 1660 781 ὥς
1672 719 1723 791 ἒμ-

938 799 1024 880 peirn
1035 800 1083 859 καί
1096 803 1131 862 Ε.
1147 802 1174 859 lv
1185 809 1237 867 τοῖς
1248 807 1281 861 Δ.
1296 817 1311 852 ἰ
1326 804 1365 877 lt,
1380 803 1462 859 brevi
1476 815 1541 859 ante
1552 806 1642 878 patria
1654 807 1725 862 obi-

939 902 1001 947 tum
1025 891 1178 947 tribulibus
1202 892 1363 968 adscriptus
1386 891 1480 966 (Pin.
1504 893 1539 949 V.
1566 890 1630 950 Per.
1654 893 1726 969 37),

938 992 1039 1054 postea
1048 982 1079 1035 ‘m
1089 997 1188 1057 pugna
1196 982 1234 1038 td
1246 982 1411 1056 Arghussas
1419 982 1600 1056 imperatoris
1607 999 1728 1039 munem

940 1069 1053 1125 limctus
1063 1068 1215 1144 (Xenoph.
1228 1069 1300 1126 llell.
1315 1087 1339 1139 1,
1351 1067 1380 1137 5,
1393 1068 1439 1138 16,
1449 1067 1539 1126 Diod.
1549 1069 1606 1127 Sic.
1618 1067 1665 1139 13,
1675 1069 1725 1147 93)
1839 1139 1843 1145 .

940 1167 969 1211 et
983 1174 1049 1211 cum
1067 1157 1167 1211 ceteris
1178 1174 1282 1211 novem
1298 1155 1420 1211 ducibus
1433 1157 1544 1212 occisus
1556 1166 1598 1211 est
1614 1157 1737 1231 olymp.¹

941 1241 992 1316 93,
1006 1240 1022 1297 3
1038 1240 1119 1317 (aute
1131 1241 1198 1299 Chr.
1214 1252 1272 1300 net
1285 1241 1373 1317 4οθ);
1386 1263 1415 1298 ν.
1430 1253 1535 1319 praeter
1547 1241 1726 1320 Xenophon·

942 1331 1030 1389 teml.
1047 1331 1069 1387 l.
1083 1327 1272 1386 Philochorus
1284 1330 1362 1405 apud
1377 1332 1468 1387 schol.
1485 1332 1634 1406 Aristoph.
1650 1335 1724 1390 Rnn.

944 1431 1030 1490 turp.
1039 1419 1202 1491 Mymnides
1215 1418 1390 1476 hauddubie
1401 1419 1601 1495 intelligendus
1615 1431 1657 1476 est
1669 1423 1727 1476 La-

941 1506 1184 1563 cedemonlorum
1204 1508 1299 1563 victor
1322 1508 1402 1583 apud
1422 1508 1595 1583 OEnophyta
1615 1511 1724 1583 olymp.

942 1593 992 1663 83,
1007 1595 1025 1650 3
1041 1594 1121 1667 (urite
1137 1596 1203 1652 cir.
1221 1606 1281 1651 net.
1301 1593 1387 1670 445),
1402 1597 1495 1654 culte
1513 1593 1601 1666 lilius,
1615 1599 1659 1651 vir
1676 1613 1726 1652 un·

941 1683 1022 1756 tiqna
1035 1680 1092 1739 tide
1103 1701 1138 1739 ac
1149 1684 1254 1739 virtute
1267 1684 1385 1759 insignis
1395 1682 1437 1760 )ν.
1452 1684 1555 1755 Thoe,
1570 1685 1727 1760 Aristoph„

941 1768 1028 1827 Diod
1043 1771 1100 1827 Sic.
1119 1790 1164 1841 11,
1180 1790 1229 1845 79,
1246 1770 1311 1847 81),
1331 1772 1400 1845 qui,
1415 1790 1553 1827 summam
1571 1772 1683 1828 laudem
1698 1775 1726 1826 in

941 1859 1057 1933 capituli
1079 1859 1182 1934 proelio
1203 1861 1254 1915 illo
1280 1870 1462 1930 consecutus,
1490 1860 1631 1933 initioque
1656 1860 1729 1918 belli

943 1947 1144 2022 Peloponnesii
1166 1966 1204 2017 7ο
1227 1946 1315 2003 senne
1335 1966 1424 2004 minos
1444 1959 1543 2018 natus,
1558 1949 1588 2002 in
1608 1949 1728 2004 honesto

940 2036 1006 2091 otio
1028 2035 1209 2105 senescebet3
1235 2036 1338 2111 dignus
1355 2037 1452 2109 quiin
1472 2036 1527 2090 huc
1548 2036 1728 2092 tabulatum

941 2124 1058 2193 Solone,
1068 2122 1209 2194 Aristide,
1221 2123 1350 2194 Cimone,
1363 2123 1481 2191 Pericle,
1492 2123 1530 2179 de
1539 2124 1647 2197 optima
1656 2143 1728 2179 rem·

941 2211 1023 2285 publ.
1038 2211 1210 2269 eruendundi
1221 2213 1333 2267 ratione
1348 2211 1507 2268 dissereret.
1526 2236 1538 2258 »
1553 2212 1579 2265 t·
1588 2212 1633 2268 M.

1313 2339 1357 2382 to.

983 2438 1088 2494 Athen.
1102 2455 1131 2511 9,
1143 2456 1177 2513 p.
1193 2435 1263 2507 373,
1278 2438 1300 2491 E
1315 2455 1322 2491 :
1341 2431 1381 2491 δτι
1395 2432 1423 2492 δδ
1435 2431 1480 2491 καί
1495 2433 1539 2490 ixi
1552 2436 1598 2491 τοῦ
1612 2435 1727 2503 πληθυν-

944 2527 1017 2583 τικοῦ
1034 2523 1136 2603 όρνιις
1151 2522 1267 2600 λίγουσι,
1281 2521 1417 2601 πρόκειται
1430 2519 1460 2580 ri
1475 2520 1650 2600 Μενάνδρειον
1663 2544 1729 2600 μορ·

943 2611 1106 2694 τόρεον,....
1118 2610 1164 2669 καί
1178 2613 1212 2673 Ε.
1226 2612 1254 2668 ίν
1270 2614 1304 2670 Δ.
1386 2633 1390 2640 ·

994 2734 1039 2796 Οὐ
1054 2720 1074 2794 δ
1077 2729 1151 2795 ιινθν
1165 2727 1214 2794 οὖν
1227 2728 1324 2819 κριοὺς
1334 2728 1386 2817 ἔμ’
1406 2730 1545 2818 ἐκγεννᾶν
1561 2729 1670 2803 τέκνα,

992 2835 1087 2924 ὄρνεις
1101 2826 1131 2899 δ’
1148 2833 1268 2925 ὁμοίους
1284 2832 1352 2909 τοὺς
1369 2832 1507 2908 νεοττοὺς
1525 2841 1571 2918 τῷ
1591 2833 1704 2925 πατρί;

943 2962 1033 3018 Versu
1050 2981 1061 3017 1
1085 2959 1151 3017 libri
1163 2956 1262 3039 κριίους
1279 2957 1307 3034 μ’
1320 2959 1376 3036 eq.
1390 2981 1417 3015 τ.
1434 2958 1530 3017 Valck.
1545 2943 1583 3014 ad
1593 2958 1730 3019 Pboeniss.

946 3057 982 3116 44
997 3046 1084 3126 κριοὺς
1096 3045 1151 3123 ίμ’,
1164 3067 1289 3123 quorun
1301 3047 1372 3110 illud
1382 3048 1497 3122 quidem
1510 3046 1661 3103 indubium
1673 3060 1730 3117 est;

945 3137 996 3194 sed
1010 3156 1064 3212 pro
1083 3130 1125 3210 ἔμ’
1139 3136 1273 3210 equidem
1286 3137 1381 3191 malim
1394 3135 1424 3208 μ’
1441 3131 1487 3204 διν,
1504 3136 1555 3209 qui
1573 3136 1733 3209 neglectam

945 3245 1019 3301 srcpe
1035 3227 1122 3281 sciam
1136 3243 1154 3281 a
1167 3225 1290 3280 librariis
1302 3225 1458 3299 elegantem
1472 3224 1652 3297 particulam.
1664 3228 1696 3282 V.
1715 3245 1732 3279 u

948 3314 1035 3388 vulgo
1058 3310 1080 3368 θ’
1101 3331 1156 3387 pro
1177 3308 1200 3367 δ’
1222 3312 1301 3387 apud
1316 3310 1448 3368 Grotium
1463 3312 1597 3385 Excerpt.
1614 3330 1644 3385 p.
1661 3318 1732 3384 499.

946 3397 1074 3474 Ὀμοίοος
1093 3420 1148 3476 pro
1166 3398 1263 3474 δμοίως
1277 3400 1398 3457 Casuub.
1425 3398 1542 3456 Periclis
1552 3397 1602 3455 lilii
1616 3400 1734 3475 legitimi

947 3500 1060 3546 uiature
1071 3500 1193 3545 mortem
1205 3488 1357 3562 obierunt,
1370 3498 1439 3544 teste
1454 3487 1545 3546 schol.
1560 3484 1634 3544 Plat.
1648 3506 1734 3562 supra

947 3578 1045 3635 allato.
1061 3601 1075 3626 ι
1096 3578 1185 3632 Recte
1201 3572 1262 3631 haec
1277 3575 1395 3630 Periclis
1407 3574 1497 3630 verbe
1511 3593 1570 3633 esse
1591 3586 1734 3643 statuunt,

947 3664 1029 3739 quod
1049 3663 1203 3738 degeneres
1227 3662 1354 3736 apatria
1375 3661 1481 3716 virtute
1504 3658 1578 3716 filios
1602 3665 1735 3736 genuerit

948 3752 1160 3825 conquerentis.
1178 3749 1336 3825 Zenobius,
1350 3748 1483 3805 laudante
1497 3747 1605 3818 Valck,
1630 3747 1735 3824 Κριὸς

950 3839 1085 3913 (fortasse
1097 3834 1406 3915 ponendumestxptoii)
1420 3833 1544 3915 rpopri’
1558 3833 1711 3893 ἀπέτισεν
1725 3856 1733 3890 1

948 3928 966 3996 ἡ
977 3924 1107 4005 παροιμία
1118 3924 1163 3984 tei
1173 3926 1225 3983 τῶν
1237 3923 1405 4003 ἀχαρίστων,
1419 3922 1477 3981 ἐπεί
1489 3920 1535 3988 τὰς
1545 3922 1643 4002 φάτνας
1652 3922 1735 3993 πλήτ-

948 4035 1035 4071 τουσιν
1048 4015 1072 4072 οἱ
1083 4010 1161 4093 κριοί.
1177 4015 1315 4072 Libauius
1327 4016 1369 4070 De
1383 4015 1441 4069 vita
1456 4031 1506 4068 sua
1523 4031 1529 4067 :
1546 4006 1690 4088 ἀνθρώπιον
1706 4012 1736 4066 ἐκ

950 4101 1065 4170 Κυζίκου
1077 4101 1170 4180 μιαρόν
1183 4124 1211 4159 τε
1223 4101 1269 4159 καί
1280 4099 1441 4179 ἀχάριστον,
1502 4101 1575 4174 κριοῦ
1588 4096 1615 4154 δδ
1628 4100 1735 4175 τρορεῖοι

949 4190 1018 4247 κατὰ
1040 4187 1086 4259 τὴν
1110 4187 1255 4266 παροιμίαν
1281 4187 1411 4245 ἀποτίνου.
1431 4187 1474 4242 Cf.
1491 4188 1614 4259 Diogen.
1639 4184 1667 4253 5,
1683 4186 1733 4253 62,

950 4279 1088 4336 Proverb.
1102 4277 1187 4335 Bodl.
1203 4276 1273 4335 556.
1289 4301 1301 4324 ν
1313 4278 1339 4331 Ε
1350 4276 1394 4332 Μ.

1321 4407 1366 4444 Η.

988 4501 1120 4557 Tiberius
1131 4501 1229 4558 rhetor
1243 4508 1288 4569 47,
1304 4520 1334 4574 [1.
1347 4498 1385 4555 66
1397 4516 1404 4556 :
1416 4492 1490 4574 repit
1502 4494 1529 4552 δὲ
1542 4494 1600 4560 τοὺς
1613 4492 1736 4573 ἀριθμοὺς

952 4585 1107 4660 ἀλλοίωσις,
1118 4590 1153 4653 ὡς
1163 4589 1225 4665 παρ’
1240 4585 1367 4647 Εὐπόλιδι
1378 4585 1405 4640 ίν
1417 4587 1450 4641 Δ.
1536 4654 1537 4657 ¹

1003 4697 1116 4770 ,ίπασα
1137 4701 1192 4796 γὰρ
1208 4701 1355 4793 ποθοῦμεν
1372 4706 1390 4773 ri
1409 4705 1513 4773 κλεινὴ
1529 4702 1628 4776 πόλις.

1326 4890 1367 4940 lo.

955 4977 1052 5030 Nonne
1069 4973 1172 5030 «italum
1188 4980 1242 5041 est,
1258 4974 1356 5030 arietes
1370 4988 1415 5028 me
1426 4966 1568 5045 proerer're
1579 4973 1692 5037 liberos,

953 5078 1017 5118 ares
1030 5054 1120 5118 autern
1132 5060 1235 5117 sitniles
1247 5061 1318 5133 petri
1328 5060 1435 5133 pillos?

1326 5155 1336 5204 l
1345 5155 1369 5202 l.

953 5237 1052 5293 (irritus
1066 5237 1137 5290 euim
1150 5236 1222 5291 clara
1237 5236 1332 5292 civitas
1346 5233 1541 5291 desideremus.

1601 5414 1637 5454 li.
