3917 5950
256 479 293 527 θθ

301 600 408 676 Βοῦθος
426 603 599 690 περιφοιτᾷ,

255 722 306 797 Ιίρ.
326 719 362 778 X.
381 715 504 775 τάττεται
525 715 553 774 δὲ
584 714 628 773 ἐπὶ
658 717 708 773 τῶν
734 716 832 787 εύηθῦιν
856 718 900 773 καί
923 716 1023 795 παχυρί

252 830 314 867 νων.
339 808 484 885 zenobius
499 826 533 881 n,
548 805 612 861 66:
640 805 736 870 Βυῦθος
756 811 894 884 περιφοιτᾷ
917 825 923 862 :
944 802 1041 872 ταύτης

252 894 385 971 μέμνηται
399 894 451 971 Κρ.
468 894 507 955 Χ.
521 891 645 957 τίταιιται
657 891 685 949 δὲ
694 890 738 951 tri
751 893 804 949 τῶν
816 893 914 962 εύηθῦν
930 888 976 948 καί
987 913 1040 947 πα·

251 980 401 1063 χυφρόνιυν,
413 979 466 1038 ὰπό
476 973 544 1047 τινος
558 978 715 1041 Πυθιονίκαν
732 977 831 1038 Βούθου
842 982 1037 1055 μετινεχθεῐσα.

255 1096 267 1122 ε
283 1073 406 1128 Buthurn
419 1070 585 1127 Aristoteles
596 1087 713 1142 quoqne
728 1078 1000 1123 commemoraverat
1010 1068 1041 1121 in

252 1161 382 1235 catalogo
397 1160 645 1235 Pythionicannn‚
657 1168 727 1213 teste
744 1156 885 1230 Hesyclrio
899 1175 920 1214 s.
934 1175 963 1213 ν.
977 1155 1040 1214 Bu

252 1249 303 1311 θος.
322 1272 334 1297 ν
352 1250 396 1303 M.

621 1359 669 1413 ,¹7-

290 1453 388 1511 Schol.
402 1453 548 1527 Aristopb.
563 1452 651 1510 Nub..
660 1469 735 1526 9²²2
754 1451 790 1507 de
804 1450 956 1507 Pandeleto
971 1469 978 1505 z
993 1469 1038 1505 συ·

251 1537 381 1619 κοφοίντης
395 1537 422 1597 δὲ
436 1530 468 1608 ἦν
490 1538 536 1596 καὶ
551 1536 695 1616 φιλόδικος,
719 1535 825 1619 γράφων
847 1534 1039 1617 ψηφίσματα...

252 1626 384 1704 μέμνηται
403 1625 430 1685 δὲ
448 1630 493 1685 τοῦ
510 1623 675 1686 Πανδελίτου
690 1624 736 1683 καί
754 1627 804 1703 Κρ.
829 1626 865 1685 Χ.
889 1627 935 1683 Sic
952 1627 1039 1682 etiam

249 1717 350 1773 Suidas
360 1734 432 1774 voce
446 1711 658 1778 Πανδελετείους.

622 1816 668 1873 18.

289 1924 391 1980 Pollux
402 1943 431 1995 7,
441 1942 495 1979 arr
513 1944 520 1978 :
534 1920 578 1980 καί
587 1918 765 1998 βιόλιοπύιλην
777 1920 824 1996 μίν
835 1918 909 2000 παρὰ
922 1918 1038 1998 ’Aptero-

248 2008 443 2088 μίνειεὺρήσεις
453 2010 480 2067 ἕν
492 2006 584 2079 Γόησι,
595 2007 670 2085 βιῦλ
679 2007 831 2086 ιοχροίφον
843 2006 870 2065 δὲ
880 2004 953 2086 παρὰ
963 2008 1039 2085 Κρα·

248 2099 311 2178 τίνῳ
321 2101 347 2155 ἐν
356 2100 391 2158 x.
406 2101 492 2171 «Quo
502 2100 618 2153 nomine
627 2099 675 2157 Cr.
685 2097 865 2170 judicialium
874 2097 1038 2152 libellorum

204 2202 212 2214 ⁸
249 2190 450 2256 architectum,
473 2206 507 2243 ac
524 2186 643 2242 fortasse
664 2189 757 2261 ipsum
776 2186 976 2257 Pandeletum,
1000 2187 1037 2240 si·

248 2274 395 2350 gnificasne
413 2275 538 2333 videtur.
557 2299 569 2323 ν
583 2275 628 2331 Μ.

625 2400 669 2455 ¹9·

287 2490 429 2546 Zenobius
455 2488 486 2565 5,
504 2507 542 2563 9,
567 2484 643 2546 Μετὰ
664 2483 777 2545 Λίσόιον
797 2483 864 2565 ᾠδόν
884 2506 890 2540 :
907 2485 1037 2564 παροιμία

248 2575 396 2651 ταττομένη
419 2574 464 2634 tat
485 2581 537 2640 τοῖς
558 2573 592 2631 τὰ
607 2573 715 2652 δεύτερα
736 2570 885 2653 φερομίνοις
906 2570 932 2640 ἐξ
952 2571 1038 2638 αίτίας

248 2664 365 2724 τοιᾶσδε.
392 2661 598 2738 Λακεδαιμόνιοι
621 2660 802 2729 στασιάζοντες
833 2657 1036 2741 μετεπέμψαντο

248 2750 317 2809 κατὰ
331 2750 451 2832 χρησμὸν
467 2757 513 2809 τοῦ
528 2755 587 2809 θεοῦ
604 2751 633 2809 lx
645 2748 750 2810 Λίσῦον
764 2748 808 2807 τὰν
823 2747 947 2824 μουσικὸν
959 2749 1035 2831 Τίρ-

248 2841 371 2918 πανδρον.
386 2837 467 2900 ἐλθὼν
481 2838 509 2896 δί
524 2841 634 2909 ἐκεῖνος,
647 2838 737 2915 nult-fi
752 2839 866 2915 μουσικῇ
882 2859 1034 2917 χρωμινος,
1084 2879 1093 2900 ‹

247 2926 361 3007 ἥρμοσεν
377 2929 463 2987 αὐτῶν
482 2926 529 2994 τὰς
542 2925 628 3007 ψυχὰς
645 2925 753 2999 κοίτην
768 2924 860 2986 στάσιν
874 2926 997 2988 ἔπαυσεν.
1012 2927 1037 2987 εί

247 3040 312 3076 ποτε
332 3008 376 3076 οῦν
396 3015 464 3092 μετὰ
483 3022 566 3075 ταῦτα
581 3020 706 3091 μουσικοῦ
723 3038 790 3081 τινας
801 3014 895 3087 ἤκουον
907 3017 931 3074 οἱ
943 3018 1035 3080 Λακε-

247 3104 396 3183 δαιμόνιοι,
407 3103 556 3184 ἐπεφώνουν
572 3131 583 3154 ι
598 3103 677 3165 Μετὰ
690 3099 802 3163 Λίσῦίον
811 3101 888 3184 ᾠδόν.
902 3128 915 3154 ν
933 3101 1031 3179 μίμνηι

246 3216 290 3252 ται
303 3197 351 3264 τῆς
364 3192 508 3273 παροιμίας
522 3190 619 3264 ταύτης
635 3194 687 3271 Κρ.
707 3193 734 3250 ἐν
747 3190 859 3270 Χείρωνι
875 3193 946 3268 (sic).
958 3193 1033 3248 l‘lro·

248 3284 301 3337 tius
314 3285 385 3342 Lex.
403 3303 434 3359 p.
450 3283 527 3352 θαι,
548 3281 585 3352 8,
611 3277 689 3339 Μετὰ
709 3276 822 3338 Λίσύιον
843 3277 909 3358 ᾠδόν
933 3300 940 3334 z
961 3277 1034 3358 παρὰ

246 3367 372 3448 Κρατίνῳ
385 3367 532 3447 παροιμία,
546 3366 674 3444 λεγομένη
689 3365 733 3424 ἐπί
744 3369 796 3426 τῶν
817 3366 851 3425 τὰ
869 3365 977 3447 δεύτερα
989 3390 1046 3448 φε-.

247 3456 373 3532 φαμένων.
395 3483 406 3508 ι
423 3461 658 3533 Antiquissimum
671 3459 757 3532 hujus
772 3459 916 3530 proverbii
935 3478 1028 3516 exem-

245 3549 325 3621 plum
343 3548 505 3623 suppeditat
525 3550 688 3623 sapphonis
713 3567 809 3605 versus
832 3548 909 3622 apud
926 3551 1033 3605 Deme-

247 3636 333 3690 trium
348 3636 392 3690 De
404 3636 509 3694 elocut.
531 3636 631 3711 §.146
648 3656 653 3689 :

287 3737 421 3817 Πίρροχος
445 3741 480 3806 όις
499 3738 536 3798 ὅτ’
557 3739 643 3806 ἀοιδὰς
666 3744 680 3798 δ
703 3737 814 3806 Λίσόιος
834 3739 1031 3803 ἀλλοδαποῖσιν.

751 462 954 523 COMOEDIAE
977 459 1139 521 vuruuts
1162 458 1368 533 nuLtQtuAE.

1088 596 1111 649 οί
1126 593 1153 649 ἐν
1166 599 1219 658 τοῖς
1239 590 1313 657 ίδίοις
1328 590 1434 655 πλοίοις.
1457 591 1591 668 Σοφοκλῆς
1603 590 1711 668 Θυέστῃ
1727 590 1877 670 Σικυωνίῳ.

1086 683 1100 737 δ
1115 680 1140 737 δὲ
1160 682 1212 758 Κρ.
1226 682 1253 737 ἐν
1266 679 1379 756 Χείρωνι
1393 678 1452 744 τοῦς
1471 676 1504 735 τὰ
1520 680 1592 736 κοινὰ
1606 676 1807 756 φορτιζομένους
1819 677 1878 756 ἔφη.

1090 771 1306 826 «scribendum
1320 766 1436 846 Χείρωσι
1456 787 1462 821 ;
1480 767 1615 824 falluntur
1633 771 1729 836 enirn,
1750 770 1801 842 qni
1820 769 1879 823 haec

1086 859 1123 915 ad
1133 860 1240 916 Cratini
1250 858 1373 930 junioris
1382 859 1534 915 Chironem
1544 858 1683 914 referunt.
1693 854 1880 936 Αύτοφόρτους

1086 946 1133 1001 Cr.
1151 944 1255 1001 dixisse
1265 946 1379 1001 videtur
1392 964 1457 1019 eos,
1470 947 1519 1019 qui
1534 947 1651 1021 publiea
1665 945 1789 1000 civitatis
1800 945 1879 1000 bona

1086 1036 1226 1111 diripiunt
1247 1049 1275 1092 et
1297 1039 1326 1092 in
1346 1057 1412 1092 suos
1433 1038 1560 1112 ipsorum
1576 1057 1643 1093 usus
1662 1047 1875 1093 convertunt.»

1086 1126 1112 1177 Ε
1131 1126 1175 1181 Μ.
1274 1128 1278 1135 “

1455 1256 1502 1292 21.

1126 1348 1382 1418 Zenobius1‚26,
1407 1343 1458 1414 At}
1479 1345 1587 1425 ούρανία
1612 1369 1618 1402 ;
1641 1345 1771 1425 Κρατῖνός
1793 1368 1877 1425 φησι,

1085 1433 1206 1514 καθάπερ
1219 1433 1298 1500 Διὸς
1312 1424 1392 1511 αἶγα
1412 1432 1583 1509 Ἄμαλθείαν,
1597 1433 1667 1493 οὕτω
1679 1434 1725 1492 καί
1741 1437 1794 1492 τῶν

1134 1550 1386 1652 δωροδοκούντων
1403 1552 1465 1652 εἶχ’
1482 1557 1636 1650 οὐρανίαν·

1086 1684 1109 1741 ol
1122 1682 1150 1741 dl
1163 1682 1222 1751 τοὺς
1242 1685 1278 1751 τίς
1296 1682 1326 1742 τὰ
1345 1682 1528 1763 ἀργυρίζεσθαί
1545 1705 1613 1741 τισιν
1626 1681 1743 1764 ἀφθόνους
1754 1681 1879 1761 ἀφορμὰς

1085 1770 1264 1850 παρέχοντας,
1276 1770 1357 1838 οὕτως
1372 1769 1478 1831 εἰώθασι
1497 1770 1581 1847 λέγειν
1596 1772 1800 1852 κωμῳδοῦντες,
1817 1769 1876 1828 irtel

1085 1860 1131 1917 καί
1152 1862 1167 1917 δ
1192 1863 1240 1931 τῆς
1259 1857 1415 1936 Ἀμαλθείας
1437 1860 1515 1940 κε’ρας
1536 1859 1603 1938 ἔχων
1628 1868 1682 1917 πᾶν
1709 1858 1724 1917 δ
1749 1858 1876 1918 δόούλετο

1085 1938 1166 2026 εἶχεν.
1180 1951 1316 2007 similiter
1329 1950 1430 2007 Suidas
1450 1952 1479 2006 h.
1500 1970 1543 2021 ν.,
1565 1950 1666 2006 addito
1687 1948 1781 2028 τροφὸν
1807 1961 1877 2024 post

1086 2036 1195 2113 Ἀμαλθ.
1207 2058 1216 2109 ;
1230 2040 1298 2094 item
1314 2038 1432 2094 Photitts
1449 2058 1479 2113 p.
1496 2037 1564 2107 361,
1581 2036 1611 2107 5,
1630 2035 1749 2115 Οὐρανία
1766 2035 1834 2103 nli:
1856 2026 1875 2112 ᾗ

1084 2126 1108 2184 ol
1129 2124 1266 2204 εὐχόμενοι
1286 2124 1389 2192 πάντως
1413 2123 1533 2204 (πάντων
1547 2126 1654 2201 Mein.)
1676 2122 1873 2202 ἐπετύγχανον·

1082 2204 1146 2279 ίσως
1158 2211 1242 2271 διὰτὸ
1257 2211 1305 2284 τὴν
1319 2212 1439 2283 Σελήνην
1453 2214 1541 2279 αὐτοῖς
1555 2213 1717 2290 ἐποχεῖσθαι.
1735 2214 1786 2289 Κρ.
1801 2212 1873 2269 Χεί-

1085 2322 1173 2381 ρωσιν.
1193 2327 1207 2352 ι
1223 2298 1358 2359 Fin'rerat
1378 2304 1467 2378 igitur
1482 2303 1530 2360 Cr.
1544 2301 1712 2378 profligatos
1723 2303 1873 2369 homines,

1084 2392 1134 2466 qui
1149 2392 1270 2466 pecunia
1290 2409 1321 2446 se
1341 2392 1489 2467 eorrumpi
1512 2402 1680 2467 paterentur
1699 2401 1729 2446 et
1750 2392 1874 2466 publico

1084 2480 1160 2536 furto
1175 2479 1356 2548 ditescerent,
1369 2480 1512 2537 coelestem
1524 2496 1641 2555 capram
1655 2480 1740 2536 alere.
1752 2503 1766 2529 ν
1783 2482 1830 2535 M.

1452 2610 1500 2647 aa.

1124 2703 1261 2761 Aristides
1275 2704 1355 2760 Orat.
1369 2709 1419 2777 49,
1435 2702 1494 2758 vol.
1511 2721 1540 2773 n,
1552 2722 1584 2779 p,
1602 2702 1655 2760 521
1671 2705 1779 2761 Dind.:
1794 2705 1872 2762 διδύ-

1082 2786 1126 2857 ξας
1140 2788 1167 2848 dl
1181 2788 1241 2856 τοῦς
1258 2788 1393 2869 Χείρωνας
1406 2789 1644 2870 προσπαραγράφει
1655 2790 1735 2850 πάλιν
1745 2782 1780 2850 αὖ
1796 2794 1872 2868 μύλοι

1082 2876 1253 2958 υπιρηφοίνως
1264 2876 1308 2936 ἐπὶ
1322 2878 1463 2947 τελευτῆς,
1691 2893 1696 2903 ’

1129 2994 1236 3059 Troica
1250 2984 1334 3058 δυοῖν
1352 2994 1382 3057 ἐν
1399 2995 1481 3057 ἐτοῖν
1492 2997 1565 3081 ἡμῖν
1582 2992 1670 3083 μόλις
1685 2987 1872 3077 ἐξεπονηθη,

1130 3107 1196 3178 τοῖς
1208 3092 1238 3165 δ’
1252 3095 1357 3175 ἄλλοις
1366 3101 1395 3164 ίν
1407 3098 1525 3165 ἅπαντι
1540 3098 1598 3183 βίῳ
1604 3100 1771 3193 προτίθημι
1783 3129 1873 3176 ποιη-

1785 3235 1870 3286 ταις.

1080 3333 1232 3400 Brevitatis
1249 3349 1333 3387 causa
1354 3333 1448 3406 ipsum
1463 3333 1703 3390 Cratini'versum
1721 3340 1845 3410 apposui
1863 3359 1869 3391 :

1080 3441 1147 3478 uam
1168 3421 1305 3478 Aristides
1319 3421 1377 3475 suis
1388 3421 1484 3477 verbis
1506 3428 1560 3488 τοῖς
1579 3422 1603 3479 δ’
1618 3421 1705 3487 ἄλλοις
1722 3422 1749 3479 ἐν
1772 3420 1873 3484 ἅπαντι

1082 3509 1132 3590 βίιρ
1145 3506 1297 3587 προτιθέναι
1314 3506 1378 3587 φησί
1401 3512 1522 3580 ποιηταῖς
1542 3514 1699 3587 μιμεῖσθαι,
1719 3511 1874 3587 inquibus

1081 3621 1143 3675 μιμ.
1158 3610 1200 3655 est
1217 3599 1433 3673 interpretantis
1450 3595 1479 3655 τὸ
1498 3598 1654 3676 προτίθημι,
1669 3619 1760 3673 quum
1773 3604 1873 3677 potius

1080 3688 1296 3763 intelligendum
1316 3689 1348 3742 in
1377 3705 1412 3742 eo
1435 3688 1472 3741 sit
1492 3686 1622 3747 ἐκπονεῖν.
1648 3690 1736 3743 Versu
1768 3709 1779 3744 ι
1804 3691 1871 3746 libri

1080 3777 1149 3834 δυοῖν
1162 3776 1247 3848 ἐτοῖν,
1260 3776 1345 3830 misso
1359 3774 1397 3845 ἐν,
1412 3775 1492 3851 quod
1506 3774 1617 3830 addidit
1627 3775 1765 3836 Dindorf.
1785 3802 1796 3826 α
1812 3780 1871 3835 Nisi

246 3846 316 3916 Q¹¹l⁵
329 3855 425 3899 amem
453 3845 539 3901 fuerit
559 3847 606 3902 ille
627 3846 746 3902 Le⁵bl¹¹⁵
764 3855 868 3920 P⁰⁰l³r
885 3864 945 3901 '¹⁰¹¹
965 3865 1034 3901 ⁰⁰¹¹·
1079 3864 1160 3923 ἐτέοιν
1180 3863 1376 3921 scribendum.
1401 3863 1537 3919 Videmus
1557 3865 1645 3938 igitur
1662 3867 1812 3921 Cratinum
1835 3868 1871 3924 de

245 3933 337 3988 stabat
350 3935 424 3987 inter
432 3944 553 3989 veteres.
568 3935 658 3989 AElius
668 3935 836 4007 Dionysius,
851 3944 919 3989 teste
931 3936 1034 3989 Eusta-
1079 3954 1132 4009 hac
1149 3953 1248 4008 sabula
1258 3969 1309 4007 sua
1324 3951 1483 4007 admodum
1498 3950 1648 4026 magnifice
1663 3954 1797 4021 sensisse,
1819 3974 1871 4011 ne.

247 4020 308 4124 ll'l‘)
329 4019 366 4125 θεὰ
387 4019 468 4075 lllld·
486 4040 516 4095 P·
543 4027 611 4092 74¹,
626 4019 670 4077 τὸν
688 4023 739 4123 ,τῆς
759 4017 901 4125 πίξθθῑθίαί
917 4017 1033 4127 ’θέσεων
1079 4062 1136 4116 que
1157 4042 1283 4098 dubitari
1301 4052 1397 4116 potest
1417 4044 1489 4114 quin
1502 4059 1536 4097 ea
1556 4043 1586 4095 in
1603 4041 1753 4097 comdediis
1765 4046 1869 4098 summi

244 4105 310 4185 ‘llll‘
331 4105 501 4186 Ίίθπανδθό*
521 4103 649 4186 θηθῑνιθ
677 4106 863 4178 θῦαίνετῑδηνι
884 4103 901 4176 ἢ
922 4110 1032 4185 ΛΡΜ·
1079 4143 1170 4205 poetae
1193 4132 1371 4206 praecipuum
1387 4129 1530 4203 quendam
1552 4132 1649 4185 locum
1669 4133 1867 4206 occupaverit.

245 4193 361 4265 κλείδην.
378 4220 390 4245 ν
411 4196 489 4252 EM.
502 4197 595 4251 Etiam
610 4198 681 4251 alios
696 4197 744 4251 alii
761 4198 924 4266 nominant;
944 4198 1034 4271 pleri·
1078 4223 1189 4275 Nomen
1202 4219 1336 4275 dramafis
1348 4217 1467 4273 ductum
1482 4237 1500 4273 a
1520 4219 1709 4293 Chifflnqbus’
1729 4221 1760 4276 h·
1780 4239 1806 4275 e·
1824 4222 1869 4275 vj,

246 4301 305 4384 ‘1¹¹0‘
314 4294 408 4339 ΜΘΗ
420 4286 450 4338 ln
458 4284 635 4390 ‚Tffpands‘’
655 4286 847 4342 mentiunt-
862 4286 952 4340 AEllus
962 4285 1031 4386 ΒΕΘ·
1078 4310 1117 4363 ris
1141 4309 1303 4382 sapientiae,
1323 4308 1453 4381 pietatis,
1477 4309 1568 4362 omnis
1592 4306 1718 4380 denique
1756 4310 1868 4363 virtutis

245 4372 378 4476 ”lffis‘l
394 4373 414 4426 l·
435 4370 637 4477 “llil‘m‘fl'l}
664 4370 691 4474 ll
714 4372 740 4428 ἐν
763 4395 794 4451 ‘u
818 4372 1032 4477 Λαξθδαίμονῑων
1077 4396 1163 4451 laude
1179 4395 1365 4464 florentibus,
1383 4414 1456 4469 quos
1468 4395 1630 4450 adhibuisse
1643 4396 1761 4451 videtur
1772 4398 1867 4470 Creo

245 4457 363 4563 πολῑτίξθ
374 4455 404 4514 τὸ
415 4460 529 4564 petitor}
540 4461 698 4537 ll¹³P¹¹¹¹¹¹¹⁸l
712 4457 824 4519 θέσθω*
836 4459 902 4537 ‘l'lm'
913 4481 957 4515 τον
969 4460 1032 4537 Til·
1078 4485 1212 4554 consilio,
1229 4494 1261 4538 nt
1274 4485 1416 4537 novitium
1433 4485 1463 4537 in
1477 4485 1570 4540 Attica
1584 4502 1681 4539 rerum
1698 4494 1803 4538 statmn
1819 4484 1866 4539 de·

245 4543 357 4621 llll?ov
371 4565 436 4623 llll*
447 4546 551 4615 ⁰⁷ll⁰⁰l·
1078 4582 1258 4639 testarentur,
1281 4571 1406 4644 priscam
1424 4572 1542 4627 humani
1562 4573 1675 4647 generis
1690 4572 1866 4645 probitatem

575 4662 659 4703 ··¹³⁰·
1077 4677 1248 4731 morumque
1261 4659 1471 4732 simplicitatem
1489 4660 1733 4720 commendantes.
1756 4664 1865 4735 Reipu-

285 4744 459 4819 Hesychius,
482 4744 645 4826 Αὖτόφορτοι
660 4770 666 4803 :
680 4747 875 4807 αθτόδιιὶκονοι·
893 4744 988 4825 κυρίως
1003 4743 1030 4803 δὲ
1077 4747 1158 4802 blieae
1169 4745 1354 4846 emendandae
1368 4747 1535 4821 legibusque
1547 4749 1678 4823 regenda
1700 4760 1799 4823 partes
1810 4750 1864 4803 Sn-

615 4920 657 4970 tu.
1446 4919 1489 4970 21.

246 4995 494 5053 Butlrusambulnt.
1077 5005 1157 5057 Dona
1167 4999 1358 5073 accipientium
1370 5018 1478 5074 capram
1491 5002 1640 5060 coelestem.

615 5092 656 5143 tu.
1446 5096 1491 5145 22.

1078 5176 1145 5229 Haec
1158 5189 1207 5228 nos
1218 5172 1326 5230 duobus
1341 5175 1418 5230 anuis
1432 5176 1476 5232 vix
1488 5176 1706 5243 elaboravimus,

1077 5275 1139 5331 quae
1153 5258 1215 5315 aliis
1232 5260 1318 5332 poetis
1330 5268 1386 5317 tota
1401 5262 1454 5318 vita
1465 5278 1588 5335 propono
1597 5262 1782 5319 conficienda.

244 5169 307 5222 Post
323 5168 450 5224 Lesbium
462 5177 612 5228 cantorem.
