3917 5950
223 445 278 495 tto

596 584 621 619 l·

258 677 426 733 Plutarchus
438 678 566 733 Demus.
584 693 616 751 p.
641 683 716 743 1140
732 679 850 749 Dseqq.
870 696 877 733 ι
899 673 930 732 τὸ
947 697 1003 732 τια-

217 764 290 823 λαιὸν
311 761 476 840 cuphiam
494 762 553 829 τοὺς
579 761 693 834 αὒλητίις
712 761 787 841 παρίι
807 765 860 821 τῶν
888 766 1005 834 ποιητῶν

218 850 362 929 λαμάαίνειν
383 849 443 916 τοὺς
471 848 592 926 μισθοὺς,
620 848 870 929 πρωταγωνιζυίσης
886 849 1006 921 δηλονότι

216 943 264 1011 τῆς
278 935 423 1010 ποιήσεως,
440 938 493 995 τῶν
507 937 533 995 δὲ
553 937 674 1008 αὐλητῶν
690 934 886 1015 ὑπηρετούντων
900 937 954 1003 τοῖς
968 937 1006 995 δι-

217 1025 371 1092 δασκαλοις·
384 1022 490 1103 ὓστερον
505 1022 589 1082 δέκαί
603 1028 678 1082 τοῦτο
688 1022 829 1103 διεφθάρη,
845 1027 881 1088 ῶς
892 1023 937 1082 καί
947 1026 1004 1085 Φε·

219 1112 348 1194 ρεκροίτην
370 1110 416 1170 τὸν
439 1112 557 1188 κωμικὸν
578 1110 728 1189 εἰσαγαγεῖν
748 1110 797 1182 τὴν
816 1109 954 1182 Μουσικὴν
976 1112 1004 1169 έν

218 1201 358 1281 γυναικείῳ
383 1199 520 1280 σχήματι,
543 1198 608 1272 ὅλην
631 1200 827 1278 κατῃκισμένην
850 1199 880 1258 rh
909 1203 1003 1277 σῶμα·

218 1300 289 1350 ποιεῖ
303 1289 331 1348 dl
341 1287 390 1361 τὴν
411 1289 586 1361 Δικαιοσύνην
604 1289 844 1366 διαπυνθανομίνην
857 1289 905 1362 τλν
918 1290 1004 1350 αἰτίαν

217 1383 266 1450 τῆς
278 1375 383 1450 idom,
399 1376 445 1436 καὶ
461 1376 509 1448 τὴν
520 1378 648 1454 λέγουσαν
662 1379 745 1454 (libri
758 1378 805 1436 καί
825 1376 875 1448 τὴν
892 1377 1006 1450 Ποίησιν

218 1467 286 1543 itu,
301 1487 364 1542 quae
376 1467 444 1522 falsa
457 1479 501 1523 ast
511 1469 720 1543 interpretatio,
738 1469 858 1543 antimus
873 1467 964 1525 modo
976 1479 1006 1525 et

217 1557 361 1632 eleganter
374 1554 445 1612 dicti
456 1551 505 1623 τλν
513 1574 568 1630 pro
579 1552 686 1627 ταύτην,
698 1557 720 1615 ἰ.
730 1575 762 1616 e.
778 1554 826 1626 τὴν
840 1555 1004 1634 hirocinii),

292 1666 378 1748 Δέξαι
396 1670 451 1762 μὲν
464 1673 518 1736 οὐκ
535 1666 666 1737 ἀοιουσα·
683 1670 732 1737 συί
749 1693 784 1737 τε
797 1670 853 1766 γὰρ
867 1674 979 1758 κλύειν,

189 1777 193 1798 ²
291 1776 359 1870 ἐμοί
372 1802 407 1842 τε
420 1770 529 1863 λέξαι,
543 1776 633 1869 θυμὸς
648 1767 759 1853 ἠδυνλν
774 1779 849 1871 ἔχει.

291 1878 370 1975 Ἐμοὶ
384 1881 441 1976 γὰρ
455 1873 528 1974 ἦρξε
545 1892 607 1949 τῶν
622 1892 725 1949 κακῶν
742 1874 987 1960 Μελανιππίδης

292 1993 322 2054 έν
343 1996 425 2056 τοῖσι
437 1997 574 2081 πρῶτος,
589 1987 620 2066 ὃς
631 1983 735 2055 λαέὼν
751 1989 842 2062 ἀνῆκέ
862 2015 919 2081 με,

244 2089 264 2161 5
290 2097 503 2189 χαλαρωτέραν
521 2100 551 2161 τ’
566 2095 690 2168 ἐποίησε
706 2086 832 2187 χορδαῖς
841 2086 970 2168 ,δώδεκα

294 2200 384 2291 (πρὶν
400 2192 499 2267 ἕνδεκ’
516 2196 650 2292 οὐσῶν)·
666 2200 738 2266 ἀλλ’
752 2202 833 2291 ὅμως
847 2197 934 2277 οὗτος
950 2200 1005 2291 μὲν

968 2307 1005 2381 ἦν

293 2411 437 2505 ἀποχρῶν
455 2414 528 2505 ἀνὴρ
544 2412 647 2505 έμοιγε
662 2413 735 2506 πρὸς
749 2409 856 2479 τὰνῦν
872 2412 953 2478 κακά
962 2436 971 2452 ·

294 2516 444 2594 Κινησίας
459 2515 564 2611 γάρ,ὸ
581 2517 817 2610 λακατάρατος,
831 2511 977 2602 λττικδς,

292 2616 480 2715 ἐξαρμονίους
492 2621 618 2716 καμπὰς
629 2632 725 2692 ποιῶν
739 2626 769 2690 έν
780 2630 847 2701 ταῖς
856 2631 1007 2717 στροφαῖς,

227 2751 268 2795 ιο
293 2729 471 2796 ἀπολώλεκέ
490 2726 521 2821 μ’
540 2734 650 2810 οὕτως,
673 2735 752 2797 ὥστε
776 2740 831 2807 τῆς
856 2734 1006 2808 ποιήσεως

292 2845 353 2901 τῶν
366 2828 577 2928 διθυραίμέων,
590 2835 723 2931 καθάπερ
736 2839 768 2902 έν
780 2843 849 2914 ταῖς
862 2837 1006 2920 ἀσπίσιν,

293 2941 425 3035 ἀριστέρ’
442 2943 539 3019 αὕτως
554 2940 693 3033 φαίνεται
708 2940 750 3010 τὰ
760 2933 858 3021 δεξιοί.

253 3046 268 3077 ⁴
288 3038 368 3114 λλλ’
384 3052 437 3113 οὐκ
453 3044 489 3114 ἀν
502 3047 597 3126 εἴποις
616 3047 702 3126 οὗτος
719 3047 756 3123 ἦν
770 3051 852 3140 ὅμως
865 3051 965 3140 ὅμως·

293 3162 398 3245 Φρῦνις
415 3145 455 3237 δ’,
471 3146 551 3220 ἴδιον
570 3149 730 3248 στρόέιλον
743 3150 885 3246 ἐμῶαλῶν
897 3179 981 3237 τινα,

227 3253 267 3326 15
293 3257 446 3351 κάμπτων
466 3285 504 3352 με
521 3259 572 3325 καὶ
589 3261 724 3353 στρέφων
738 3262 811 3333 ὅλην
828 3251 989 3353 διέφθορεν,

293 3367 322 3430 ε’ν
338 3368 428 3431 πέντε
437 3358 563 3457 χορδαῖς
578 3356 693 3459 δώδεχ’
715 3363 858 3458 ἁρμονίας
869 3366 959 3457 ἔχων.

295 3472 371 3543 λλλ’
387 3475 438 3545 οὖν
450 3478 553 3572 ἔμοιγε
565 3477 674 3570 χοῦτος
686 3476 723 3551 ἦν
734 3480 876 3572 ἀποχρῶν
888 3479 979 3569 ἀνήρ·

238 3577 248 3589 ”
298 3582 324 3647 εἰ
342 3582 399 3674 γιίρ
414 3608 447 3647 τι
467 3583 671 3676 κάξήμαρτεν,
695 3581 777 3662 αὖθις
795 3578 957 3651 evitado·

297 3692 314 3752 ὁ
330 3679 365 3752 δέ
378 3687 522 3779 Τιμόθεός
538 3680 585 3780 μ’,
597 3686 621 3753 ὦ
635 3687 771 3780 φιλτάτη
783 3739 793 3772 ,
805 3692 1005 3782 κατορώρυχε,

224 3813 271 3858 20
297 3790 349 3857 καὶ
357 3784 704 3887 διακέκναικάίσχιστα.
715 3806 793 3862 dlK.
803 3802 893 3871 Ποῒος
904 3794 1007 3861 οὑτοσὶ

536 4008 685 4063 cutuou.

608 4098 634 4148 i.

276 4178 373 4235 Dicam
385 4178 459 4237 haud
470 4178 552 4236 invita
565 4199 572 4235 :
586 4195 651 4236 nam
663 4188 691 4237 et
704 4181 753 4237 tihi
763 4181 857 4238 audire

276 4273 304 4322 et
316 4268 382 4324 mihi
396 4267 488 4325 dicere
499 4267 601 4341 pudet
610 4271 731 4327 animus.

278 4355 346 4411 tuot
362 4356 446 4427 igitur
459 4357 595 4414 malorum
605 4357 714 4414 initium
726 4357 790 4415 iacit
798 4354 1007 4434 Melanippidas,

279 4442 378 4497 tiorum
393 4443 507 4513 primus,
520 4443 567 4515 qui
578 4452 716 4516 acceptam
728 4444 834 4500 remisit
844 4461 900 4514 me,

243 4534 261 4583 5
280 4527 462 4586 flaccidiorem
477 4530 593 4588 reddens
607 4531 714 4588 chordis
725 4530 882 4601 duodecim,

280 4618 377 4685 (quum
385 4614 511 4672 undecim
518 4623 625 4685 essem)
639 4626 681 4674 :at
691 4626 786 4675 tamen
796 4618 958 4691 hicquidem
967 4622 1009 4678 vir

280 4698 410 4756 ferendus
426 4700 478 4757 fuit
491 4701 577 4771 mihi,
598 4712 773 4776 comparatus
785 4720 850 4762 cum
868 4709 1009 4776 praesenti-

303 4855 308 4866 Ι
360 4855 366 4866 ·
840 4791 1007 4859 [husmalis.

279 4857 398 4912 Classius
409 4857 482 4913 enim
493 4858 683 4925 exsecrabilis,
699 4862 823 4930 ¹uticus,

281 4941 443 5000 immodulas
457 4944 559 5002 iaciens
571 4946 699 5003 flexiones
711 4949 739 5004 in
750 4950 881 5023 strophis,

231 5033 263 5085 10
283 5028 402 5100 perdidit
417 5046 462 5089 me
473 5030 523 5100 ita,
539 5039 574 5089 ut
586 5047 698 5104 poeseos

281 5113 532 5188 dithyrambcrum,
550 5119 783 5191 quemadmodum
807 5125 837 5181 in
865 5127 1011 5184 ordinibus

243 5220 245 5224 ·
860 5217 1010 5285 [militum‚

713 432 922 493 cotiffiolffi
943 430 1109 495 vutuuts
1130 433 1338 508 uuLtQutiu

1089 567 1101 598 *
1128 567 1318 658 ὁΤιμιίθεος,
1339 580 1457 633 motu.
1475 568 1632 645 Μιλήσιός
1647 595 1694 646 τις
1710 573 1837 664 Πυρρίας

1083 671 1100 705 '⁸
1123 676 1203 740 κακοί
1230 699 1283 766 μοι
1306 664 1467 766 παρέσχενί
1495 671 1580 751 οὖτος
1608 675 1763 754 ἅπαντας,
1787 677 1838 751 οὓς

1495 837 1500 846 .
1735 784 1836 875 λέγω,

1124 880 1301 978 παρελήλυθ’
1319 877 1402 973 ᾄδων
1417 887 1616 976 ἐκτραπέλους
1634 889 1821 977 μυρμηκιάς·
1918 935 1919 952 ι

1123 987 1181 1056 κᾶν
1199 992 1308 1081 έντιίχῃ
1323 992 1381 1056 πού
1398 982 1649 1081 μοι’βαδιζομένη
1671 993 1766 1083 μόνη,
1918 991 1919 1010 ¹

1053 1092 1265 1165 25¹⁸aittlluce
1281 1097 1425 1164 κάνελυσε
1439 1089 1563 1190 χορδαῖς
1578 1090 1714 1163 δώδεκα.
1918 1175 1919 1178 ρ

1051 1232 1097 1291 καὶ
1121 1230 1335 1313 Ἀριστοφάνηςέ
1356 1230 1473 1309 κωμικδς
1497 1230 1656 1309 μνημονυίει
1678 1231 1838 1304 Φιλοξένου,
1918 1209 1919 1294 ί

1051 1321 1097 1379 καί
1112 1342 1202 1400 φησιν,
1215 1317 1254 1377 ὅτι
1268 1321 1303 1386 τίς
1317 1318 1375 1386 τοὺς
1392 1319 1512 1385 κυκλίους
1525 1318 1620 1398 χοροὺς
1634 1318 1704 1396 μέλη
1717 1321 1837 1396 εἷσηνέγ-
1918 1325 1919 1380 l

1051 1432 1127 1470 κατο,
1139 1410 1155 1441 ⁴¹
1168 1412 1186 1479 ἡ
1201 1407 1228 1465 δέ
1244 1406 1368 1479 Μουσικὴ
1380 1406 1451 1483 λέγει
1464 1411 1548 1465 ταῦτα
1563 1409 1665 1483 (vocat
1677 1410 1761 1480 ltcec,
1774 1411 1835 1464 scil.
1918 1409 1919 1490 ]

1052 1500 1160 1573 cyclios
1170 1500 1274 1554 choros
1288 1517 1355 1554 eum
1366 1497 1553 1571 dithyrambis
1566 1498 1763 1574 permixtos),
1918 1501 1919 1518 l

1125 1610 1331 1708 ἐξαρμονίους,
1344 1610 1573 1709 ὑπερῶολαίους,
1590 1617 1747 1693 ἀνοσίους,

1124 1722 1177 1788 καὶ
1190 1722 1357 1815 νιγλάρους,
1367 1725 1466 1813 ὥσπερ
1479 1746 1515 1815 γε
1530 1720 1586 1800 τὰς
1597 1724 1754 1816 ῥαφάνους,
1765 1725 1838 1796 ὅλην
1918 1721 1919 1758 ¹

1125 1839 1254 1919 καμπῶν
1270 1854 1307 1918 με
1323 1831 1547 1920 κατεμέστωσε.

1052 1956 1093 2011 Ex
1109 1956 1233 2012 Chirone
1248 1956 1345 2011 sabula
1360 1957 1419 2010 haec
1443 1955 1573 2011 derivata
1595 1975 1656 2013 esse
1670 1969 1785 2013 constat
1805 1977 1838 2014 ex
1918 1959 1919 2004 ἶ

1052 2043 1228 2100 Nicomacho
1250 2047 1390 2101 Hermon.
1408 2062 1438 2113 α,
1458 2064 1487 2119 p.
1502 2043 1539 2101 35
1554 2046 1640 2101 Meib.
1662 2045 1709 2103 :T
1711 2044 1839 2119 ιμόθεοςό

1053 2128 1183 2200 Μιλήσιος
1197 2128 1243 2199 τὴν
1257 2128 1396 2201 ίνδεκιίτην
1410 2127 1522 2209 (χορδὴν
1532 2132 1669 2211 προσῆψε)
1681 2131 1728 2189 καί
1744 2130 1835 2208 ἐφεξῆς
1918 2185 1919 2208 γ

1054 2217 1146 2277 ἄλλοι·
1167 2216 1248 2276 ἔπειτ’
1272 2220 1308 2284 είς
1327 2218 1555 2288 ὀκτωκαιδεκάτην
1577 2220 1679 2298 ἀνήχθη
1694 2221 1794 2300 χορδὴν
1808 2221 1838 2279 τὸ
1918 2255 1919 2306 γ

1052 2308 1150 2376 πλῆθος
1163 2305 1226 2385 παρ’
1250 2307 1350 2380 αὐτῶν,
1369 2305 1459 2387 ῶσπερ
1476 2305 1523 2365 καὶ
1537 2309 1576 2369 Φ.
1593 2312 1607 2367 d
1620 2307 1736 2385 κωμικὸς
1757 2310 1784 2366 ἐν
1798 2313 1837 2388 τῷ
1918 2317 1919 2330 ¹

1052 2392 1253 2476 ἐπιγραφομένῳ
1280 2392 1394 2476 Χείρωνι
1416 2393 1651 2475 καταμεμφόμενος
1674 2398 1763 2453 αὐτῶν
1788 2401 1836 2467 τῆς
1918 2411 1919 2416 ’

1052 2482 1113 2564 περὶ
1123 2481 1157 2542 cd
1169 2483 1237 2562 μέλη
1248 2481 1414 2564 ῥᾳδιουργίας
1422 2483 1552 2563 φαίνεται.
1563 2486 1739 2542 Pherecratio
1753 2504 1844 2542 versu<
1918 2513 1919 2580 γ

1053 2581 1071 2643 i
1092 2586 1170 2631 reete
1192 2575 1278 2631 blein.
1301 2574 1327 2630 έν
1340 2580 1409 2631 τοῖσι
1418 2574 1521 2651 πρῶτος
1542 2577 1645 2650 φασίν
1664 2596 1690 2631 τ.
1715 2572 1838 2654 πρώτοις.
1918 2601 1919 2638 ι

1052 2667 1087 2721 V.
1106 2664 1185 2720 Reiz.
1208 2665 1253 2719 De
1272 2674 1404 2719 accentus
1427 2664 1526 2718 incliti.
1548 2683 1580 2738 p.
1602 2682 1652 2719 ac.
1674 2667 1795 2720 Versum
1819 2666 1838 2719 6
1918 2683 1919 2732 3

1051 2750 1241 2827 probabiliter
1261 2735 1390 2826 expleri,
1412 2752 1567 2808 verborum
1579 2747 1681 2809 δώδεκα
1701 2764 1732 2808 et
1744 2750 1837 2809 ένδεκα

1052 2839 1267 2897 similitudinem
1286 2856 1386 2896 ansam
1408 2842 1586 2914 corruptioni
1611 2840 1722 2897 dedisse
1746 2853 1835 2897 ratus.
1918 2855 1919 2876 ³

1051 2929 1132 2986 Libri
1140 2927 1199 2985 ἀλλ’
1207 2916 1263 2998 οὖν,
1273 2938 1341 2986 utu.
1355 2946 1389 2999 ¹7
1401 2927 1466 2986 :bic
1477 2916 1522 2984 ὧν
1530 2927 1682 2985 delendum
1691 2927 1746 2984 iuit
1752 2931 1837 2985 metri
1918 2921 1919 2977 Ῐ

1051 3018 1152 3093 gratie,
1169 3028 1311 3094 putasque
1326 3037 1357 3072 ου
1372 3029 1473 3073 natum
1484 3032 1520 3072 ex
1535 3036 1571 3091 ομ
1587 3017 1694 3076 vicino.
1713 3021 1803 3072 Versa
1819 3019 1838 3073 8

1051 3100 1103 3183 γίιρ
1120 3124 1175 3179 pro
1194 3100 1359 3162 duranci„
1380 3101 1571 3181 Δακατιίρατος
1596 3105 1719 3161 Μοίῐιολ.
1733 3124 1839 3160 secun-

1053 3193 1123 3249 dum
1138 3193 1291 3263 Pltotittm‚
1306 3190 1512 3269 Λακκατάραοοι
1530 3212 1537 3246 :
1553 3193 1578 3248 σί
1593 3189 1662 3267 ἀγαν
1677 3191 1837 3270 καταίρατοι.
1918 3228 1919 3233 =

1052 3279 1097 3338 καί
1111 3277 1325 3357 λακκαταπύγιυν
1342 3299 1349 3334 t
1364 3280 1379 3336 b
1393 3277 1461 3355 έγαν
1480 3277 1650 3356 καταπύγων.
1667 3284 1701 3339 V.
1718 3282 1838 3337 sennet-
1918 3262 1919 3303 ¹

1054 3370 1114 3427 der.
1124 3372 1194 3427 Lex.
1206 3388 1234 3427 ν.
1248 3366 1302 3430 Διί.
1317 3369 1397 3425 Libri
1411 3367 1439 3425 dl
1453 3365 1634 3445 ὁκατιίρατος.
1653 3366 1838 3439 ι’λττικὸς,
1918 3352 1919 3421 ί

1052 3476 1111 3513 non
1121 3459 1304 3533 peregrinus,
1314 3469 1348 3513 ut
1359 3458 1575 3532 Melanippides,
1588 3456 1725 3532 Phrynis,
1738 3459 1838 3512 Tiano-
1918 3492 1919 3519 1

1054 3545 1143 3603 theus.
1154 3570 1165 3594 ν
1176 3547 1201 3600 E
1208 3546 1252 3602 M.
1259 3548 1291 3599 V.
1302 3564 1335 3601 ια
1346 3546 1411 3601 libri
1422 3545 1558 3601 mendose
1564 3543 1652 3602 αὐτοῦ.
1659 3543 1734 3601 lledi
1741 3542 1836 3609 αὔτως.

1053 3636 1085 3689 V.
1100 3632 1188 3697 13-14
1202 3634 1292 3688 miror
1308 3634 1376 3688 talia
1395 3633 1501 3688 diutius
1514 3630 1591 3689 ferri.
1609 3633 1726 3688 Manum
1744 3643 1839 3707 poetae

1052 3721 1126 3777 haue
1138 3738 1195 3776 esse
1209 3719 1344 3793 conjicias
1358 3737 1366 3777 ε
1378 3717 1450 3775 ἀλλ’
1463 3718 1521 3776 οὐκ
1534 3718 1675 3785 ἀνεκτῶς
1693 3709 1789 3785 οὗτος
1801 3710 1837 3788 ἦν

1053 3807 1136 3883 ὠμός
1156 3808 1186 3884 γ’
1198 3804 1296 3882 ὅμως.
1310 3808 1406 3864 Nimio
1422 3818 1528 3863 conatu
1540 3808 1690 3884 Exuperius
1713 3810 1785 3865 Diss.
1801 3809 1838 3863 de

1108 4007 1219 4065 sinistra
1229 4003 1299 4062 maie
1311 4005 1455 4063 rideantur
1468 4020 1531 4079 quic
1544 4006 1637 4064 dextra
1647 4015 1721 4063 suat.

1105 4095 1162 4148 Nee
1173 4100 1264 4148 tamea
1274 4091 1481 4148 intolerabiliter
1493 4092 1539 4148 hic
1551 4093 1580 4149 in
1590 4110 1634 4149 me
1643 4094 1746 4159 saesiit;

1105 4178 1221 4251 Phrynis
1230 4186 1333 4245 autem,
1344 4185 1453 4251 proprio
1464 4178 1583 4250 quodna
1597 4180 1699 4235 cortice
1710 4178 1823 4251 injecto,

1055 4272 1088 4321 15
1106 4266 1218 4321 flectens
1232 4272 1391 4336 vertensque
1401 4280 1444 4327 me
1454 4273 1540 4321 totam
1553 4263 1729 4338 disperdidit,

1105 4361 1209 4424 septem
1220 4351 1330 4409 chordis
1341 4352 1486 4409 duodecim
1501 4352 1657 4410 harmonias
1668 4353 1820 4411 includens.

1106 4437 1291 4496 Nihilominus
1302 4437 1384 4494 etiam
1398 4437 1473 4495 bunc
1486 4440 1575 4496 virum
1587 4441 1656 4497 tuli:

1106 4539 1170 4580 nam
1181 4524 1203 4580 si
1218 4522 1285 4596 quid
1298 4533 1469 4596 peccaverat,
1482 4541 1578 4583 rursus
1592 4523 1620 4583 id
1634 4528 1794 4600 separabam

1107 4611 1156 4668 ced
1169 4612 1345 4680 Timotheus,
1360 4613 1462 4685 optima
1472 4612 1576 4671 sentina
1587 4654 1594 4680 ‚
1606 4629 1650 4671 me
1660 4615 1768 4688 sepeliit

1055 4705 1090 4754 20
1107 4699 1287 4771 contrivitque
1298 4698 1456 4757 [mdissime.
1471 4705 1543 4758 Just.
1560 4702 1628 4774 Quis
1639 4703 1687 4760 ills

1106 4787 1287 4845 'l'iinotheusi
1298 4792 1370 4843 Mar.
1384 4787 1510 4846 Milesius
1521 4789 1633 4862 quddam
1646 4792 1765 4864 Pyrrias.

1107 4878 1183 4929 Jtlsd.
1198 4872 1313 4929 liclisne
1330 4871 1376 4928 hic
1390 4873 1472 4929 etiam
1488 4882 1515 4929 te
1533 4873 1647 4931 cslecit?
1669 4880 1742 4931 Μαι.
1763 4880 1835 4933 Cun-

1586 4963 1591 5035 ί
1604 4972 1662 5018 ctos
1677 4980 1748 5035 quos
1760 4967 1834 5029 dico,

1109 5049 1133 5104 is
1148 5048 1284 5119 superavit
1297 5048 1413 5105 insolitis
1422 5048 1675 5118 formicationibns3

1107 5143 1146 5190 et.
1158 5135 1182 5190 si
1192 5133 1303 5207 quando
1314 5134 1380 5191 mihi
1390 5135 1540 5193 ambulanti
1551 5138 1600 5192 soli
1613 5139 1749 5206 occurrit,
1790 5161 1793 5170 ·

1055 5226 1089 5276 ‘205
1109 5236 1153 5278 me
1167 5221 1266 5293 mergit
1280 5237 1430 5295 rursusque
1441 5223 1544 5280 extollit
1555 5223 1664 5281 chordis
1680 5224 1832 5283 duodecim.
