3917 5950
842 493 1016 558 sorotis.

132 655 162 696 α.
187 622 396 710 λλκιῦιαίδης
424 639 464 701 ἐκ
493 648 560 703 τῶν
581 645 729 730 γυναικῶν
745 632 846 714 ἐξίτω.
870 642 901 722 β.

729 745 770 811 Τί
786 751 904 837 ληρεῖς,

150 852 198 914 οῦκ
210 836 314 911 οἴκαδ’
334 847 441 915 ἐλθὼν
461 855 523 925 τῆν
541 859 664 917 σεαυτοῦ
673 850 834 943 γυμνάσεις
849 842 906 916 δοί-

786 981 902 1050 popra3

108 1083 169 1138 1120
178 1071 224 1136 alii
238 1079 326 1137 aliter
341 1084 515 1159 explicant:
533 1087 602 1141 mihi
611 1087 707 1142 nescio
721 1088 785 1160 quis
801 1089 848 1142 vir
860 1106 904 1144 se·

103 1189 182 1225 verus
200 1170 389 1227 Alcibiadem
403 1172 489 1228 dorni
504 1176 666 1249 epulantem
685 1194 752 1230 cum
769 1174 904 1232 adulato-

1682 513 1694 567 l
1703 517 1739 568 '15

954 637 988 694 E.
1005 633 1033 693 dl
1050 637 1083 696 K.
1110 635 1345 716 οκεκριίφαλοί
1368 660 1401 696 τε
1421 638 1480 697 καί
1500 641 1595 713 τύλη.
1612 667 1623 694 ι
1642 645 1739 703 Codex

951 727 1098 799 lungerm.
1113 722 1221 786 τύλαι.
1243 727 1323 782 Idem
1339 746 1384 797 ιο,
1405 727 1442 804 39
1460 748 1467 783 ι
1483 725 1516 785 τὰ
1531 727 1575 787 nli
1590 719 1635 789 οῦν
1649 733 1738 791 τυλεῖα

952 811 998 868 καί
1011 811 1045 868 ad
1064 810 1182 891 κνίφαλα
1197 816 1227 871 οὗ
1241 813 1320 890 μόνον
1333 813 1406 893 παρὰ
1420 821 1473 882 τοῖς
1493 819 1630 895 κωμῳδοῖς
1652 821 1738 892 ἐστιν,

952 901 1022 956 ἀλλὰ
1043 901 1087 957 καὶ
1101 901 1127 958 ἰν
1148 902 1325 982 δημοπροίτοις
1348 902 1481 981 πέπραται
1501 904 1629 983 κνίφαλον
1649 908 1739 966 καινὸν

953 987 999 1046 καί
1012 987 1139 1069 κνίφαλον
1154 989 1277 1048 παλαιόν.
1290 990 1336 1048 καὶ
1347 993 1422 1049 τυλε
1431 990 1464 1049 ία
1477 993 1487 1070 ί
1498 994 1563 1053 cod.
1578 997 1674 1057 Falclr.
1686 997 1738 1055 τύ-

952 1077 1011 1152 λη)
1025 1075 1125 1158 δίπαρ’
1136 1078 1265 1138 Εὐπολιδί
1277 1081 1346 1137 ἐστιν
1358 1079 1455 1149 λάζοντο
1465 1081 1492 1138 lt
1501 1089 1554 1149 τοῖς
1565 1086 1601 1143 Κ.
1611 1084 1656 1142 καλ
1665 1084 1739 1164 παρὰ

953 1166 1084 1240 Σοφοκλεῖ
1111 1168 1138 1224 ἔν
1166 1168 1205 1247 τῷ
1228 1165 1325 1228 Ἰοκλιῖ
1352 1167 1459 1248 (imino
1484 1167 1614 1250 Ἰφικλεῖ)
1639 1170 1739 1251 λε’γοντι

102 1259 180 1315 ribus
199 1269 228 1314 et
249 1259 359 1317 scortis
380 1279 509 1318 evocare
535 1263 661 1336 videtur,
681 1264 850 1320 hortaturus
872 1276 905 1322 ut
952 1280 965 1305 ¹¹
979 1251 1060 1312 ’Am
1074 1253 1273 1337 ῑαῖλῑνθρραφῆ
1285 1257 1411 1317 ‘ullast-¹·
1430 1254 1518 1332 Τῦληι
1530 1264 1632 1316 culcita
1639 1259 1680 1327 {a
1693 1283 1738 1320 ⁵⁰·

102 1348 216 1403 tandem
227 1350 319 1404 vitam
341 1351 492 1425 sapienter
506 1352 652 1420 instituat3
669 1353 717 1407 cui
736 1370 835 1408 servus
849 1354 904 1409 im·

99 1434 309 1509 pudentissimc
319 1437 494 1513 respondet.
504 1435 664 1512 Ιύρινοίσεις,
675 1439 830 1513 exercebis,
838 1442 903 1495 sub·

951 1346 1025 1401 veris
1046 1346 1132 1402 Attici
1152 1348 1290 1403 sermonis
1309 1349 1448 1424 magistris
1471 1349 1609 1421 rejicitur,
1627 1369 1740 1426 proque

951 1452 987 1489 eo
1001 1443 1049 1489 aut
1066 1431 1177 1503 τνλιῖον,
1195 1447 1244 1490 aut
1256 1431 1400 1514 κνέφαλλον
1422 1435 1574 1493 dicendum
1595 1458 1654 1498 esse
1667 1460 1740 1515 prae-

99 1525 245 1594 agitabis,
269 1537 304 1580 ut
334 1526 386 1581 ille
416 1525 598 1584 Alcibiadem
622 1538 717 1583 scorta
743 1527 905 1603 subigitare
952 1523 1063 1596 cipiunt
1079 1542 1086 1577 ι
1102 1542 1131 1582 ν.
1145 1524 1299 1597 Phrynich.
1315 1526 1413 1600 Eclog.
1431 1543 1463 1601 p.
1483 1527 1550 1597 173,
1573 1539 1601 1583 et
1615 1531 1737 1602 llesycli.

98 1611 248 1670 noluerat.

489 1729 535 1785 19.

147 1818 255 1874 Pollux
266 1837 293 1893 φ
311 1835 350 1891 90
364 1835 375 1877 τ
389 1815 521 1898 τᾶργιίρια
532 1817 585 1898 γὰρ
594 1818 637 1877 ἐπὶ
646 1824 694 1878 τοῦ
704 1819 827 1899 ἀργιρίου
837 1842 905 1877 σπα·

106 1903 176 1970 ιίως
185 1903 222 1976 Ιεἰν
235 1902 354 1982 τιςιῦροι
366 1910 442 1984 παρ’,
452 1909 542 1973 αὐτοῖς
557 1911 566 1984 (
579 1910 680 1966 Atticis
690 1911 709 1984 l·
723 1908 776 1986 ἐγὼ
795 1909 818 1965 δ’
831 1900 904 1987 εὗρον

107 1993 140 2049 ἄν
156 1996 218 2058 ταῖς
237 1991 332 2063 liticen
352 1992 573 2075 Ἀριστοφάνους,
596 1995 619 2053 εἰ
633 1996 671 2072 μὴ
686 1996 861 2056 ὑποπτεύεται
874 1996 905 2055 τῦ

107 2081 207 2158 δρᾶμα
229 2084 266 2148 ὥς
280 2080 477 2162 Ἀριστοφάνους
491 2087 568 2160 (hoc
586 2086 717 2164 deleam)
734 2088 763 2145 οῦ
785 2087 902 2164 γνήσιον.

108 2168 187 2226 Ἀλλ’
203 2169 261 2227 οῦτι
277 2192 308 2247 γι
331 2171 437 2246 [intell.
455 2173 668 2252 ῦποπτιιίονται)
681 2174 727 2233 καὶ
742 2177 766 2233 οἱ
787 2176 905 2242 Κόλακες

106 2257 267 2332 remitae
284 2259 312 2316 o
328 2248 367 2324 ot.
381 2250 439 2319 am

155 2368 317 2449 ψοφοῦσιν,
336 2355 521 2452 ἁρπαῖζουσιν
539 2362 573 2427 ἐκ
590 2370 645 2439 τῆς
660 2360 757 2439 οἰκίας

157 2465 194 2529 τὸ
210 2463 353 2556 χρυσίον,
367 2466 525 2558 τάργύρια,
538 2468 730 2559 πορθεῖται...

103 2591 244 2669 Φιρσῦσι,
255 2593 322 2651 scil.
336 2592 510 2652 adulatores.

489 2706 537 2746 20.

149 2802 232 2858 idern
247 2822 296 2874 ιο,
313 2822 349 2859 ιο
365 2824 372 2858 ι
396 2800 464 2859 αὐτὰ
479 2799 506 2860 δὲ
521 2799 554 2859 τὰ
567 2799 649 2873 σκεύη
666 2799 767 2859 καλοῖτ’
784 2798 815 2857 ἂν
830 2798 904 2858 ἔπι-

109 2887 191 2961 πλα,
205 2888 291 2968 ἤγουν
313 2893 330 2960 ἡ
345 2887 432 2969 κούφη
447 2892 556 2960 κτῆσις,
576 2889 610 2946 τὰ
631 2888 759 2958 ἐπιπολῆς
778 2887 839 2947 ὄντα
853 2909 905 2945 των

110 2979 266 3055 κτημάτων.
292 2979 308 3035 δ
324 2981 388 3054 γοῦν
402 2979 439 3055 Ε..
454 2978 480 3035 ἐν
494 2976 548 3043 τοῖς
564 2979 615 3047 Κ.,
634 2973 768 3056 προειπὼν
782 3003 795 3028 ι
813 2970 905 3035 Ἄκουε

111 3064 144 3141 δὴ
159 3063 241 3137 σκεύη
260 3062 296 3124 τὰ
314 3066 376 3123 κατ’
389 3063 476 3122 οἰκίαν
498 3091 527 3135 ι,
549 3063 666 3143 ἐπήγαγε
683 3085 699 3122 α
718 3062 905 3144 παραπλήσιον

111 3150 366 3232 ’τεσσυγέγραπται
375 3152 428 3218 τοῖς
437 3149 471 3209 τῦ
485 3150 595 3212 ἔπιπλα.
611 3179 624 3203 ι
636 3155 681 3209 lta
687 3153 779 3210 codex
792 3153 904 3226 Falclt.;

112 3245 199 3317 vulgo
214 3240 260 3299 ἄκ
278 3242 317 3313 δὲ,
332 3242 414 3316 quod
428 3242 537 3317 probo,
551 3254 579 3298 ct
591 3242 629 3318 τῷ
643 3237 742 3312 σκεύη
756 3241 904 3299 articulum

114 3335 243 3401 restituo,
256 3333 309 3406 qui
322 3334 373 3386 vix
383 3331 482 3387 abesse
492 3342 599 3407 potest,
613 3333 717 3405 passim
728 3333 776 3387 ille
789 3333 906 3387 omissus
971 3371 989 3385 ..

115 3419 385 3494 per-negligentiam
404 3415 574 3489 alibmriis3
596 3421 687 3476 altero
706 3430 801 3476 autem
821 3438 906 3476 versu

116 3508 195 3566 editt.
206 3506 269 3571 τέως
282 3494 329 3562 οῦν
342 3504 495 3584 γίγρσπταί
509 3527 550 3564 σοι
560 3504 594 3563 τὰ
609 3505 655 3566 ln.
671 3509 758 3568 Mein.
775 3504 844 3563 κατὰ
858 3506 906 3577 τὴν
1008 3522 1013 3536 ·

118 3594 212 3666 οἰκίαι,
223 3595 383 3666 secundum
396 3595 503 3669 Phryn.
517 3597 592 3671 Epit.
606 3614 638 3670 p.
652 3596 728 3665 3343
747 3614 800 3651 nce
814 3597 906 3652 minus

118 3696 195 3739 recte
211 3685 306 3739 Bentl.
323 3684 416 3758 Epist.
432 3683 470 3740 ad
486 3685 647 3741 Hemsterh.
664 3681 860 3761 {imperitioris
876 3681 905 3739 τί

117 3791 158 3826 σοι
171 3771 318 3849 γέγραπται
332 3768 468 3829 τοίπιπλσ.
483 3774 530 3828 Sic
550 3773 639 3847 igitur
658 3773 840 3829 scribendum
857 3791 906 3828 nr·

118 3860 208 3915 bitror
226 3881 233 3914 :

164 3950 257 4024 λκουε
271 3951 309 4023 δὲ
328 3954 370 4024 τὰ
385 3961 477 4031 σκεύη
495 3955 536 4025 τοι
555 3958 634 4026 κατὰ
652 3966 707 4035 τὴν
724 3959 832 4026 οἰκίαν·

162 4062 375 4156 παραπλήσιόν
392 4068 429 4128 τέ
445 4089 491 4130 σοι
509 4067 677 4158 γέγραπται
698 4063 855 4133 τοῖπιπλα.

125 4190 194 4246 lune
203 4190 328 4249 Meinek.
341 4209 410 4245 eum
420 4191 577 4248 Frilzsclrio
584 4193 700 4269 praeiert
709 4192 789 4267 quod
801 4192 907 4248 Belle·
1003 4213 1017 4232 α

125 4283 284 4356 τιοιετὶρτῖι

162 4394 348 4490 παραπλήσι’
361 4396 440 4462 ὄντα
453 4420 501 4463 σοι
518 4398 689 4489 γέγραπται
706 4394 857 4463 τοίπιπλα.

435 4542 470 4579 ar
487 4555 526 4565 -
542 4521 589 4580 25.

156 4634 230 4691 ldern
244 4655 274 4706 7,
293 4654 352 4709 19²
370 4654 377 4690 ι
393 4634 534 4713 Σοφοκλῆς
547 4634 570 4690 δ’
581 4632 631 4710 ἔφη
645 4635 788 4712 λινορραφῖΙ
803 4634 906 4691 τυλεῖα.

951 1630 978 1665 ν.
997 1609 1145 1691 Κνίφαλον.
1159 1615 1218 1669 Nee
1233 1613 1355 1688 deliquit
1365 1626 1464 1670 contra
1479 1617 1525 1682 E„
1540 1618 1590 1689 qui
1605 1637 1663 1671 non
1675 1638 1737 1692 ger-

951 1719 1067 1755 manum
1082 1702 1217 1770 Atticum,
1233 1701 1284 1757 scd
1296 1704 1426 1758 lonicum
1439 1703 1602 1773 hominem,
1621 1707 1738 1763 fortasse

952 1791 1185 1864 Protagoram,eo
1195 1789 1336 1845 vocabulo
1345 1799 1472 1850 utentem
1484 1791 1645 1848 induxerat.
1654 1825 1695 1837 -
1704 1796 1738 1849 ln

951 1877 1054 1933 eodem
1074 1897 1193 1935 recensu
1215 1878 1375 1935 domestica
1391 1880 1574 1955 supellectilis
1587 1881 1671 1941 fixisse
1692 1886 1738 1939 vi-

951 1965 1056 2021 dentur
1079 1962 1275 2041 μολύῦδινοι
1298 1965 1504 2043 κρατευταὶ,
1527 1988 1601 2043 quos
1625 1989 1661 2027 ex
1683 1972 1737 2028 hae

951 2052 1046 2108 fabula
1059 2063 1264 2110 commemorat
1279 2054 1380 2109 Pollux
1397 2073 1445 2125 ιο,
1462 2074 1499 2128 97
1514 2072 1521 2113 ε
1539 2058 1573 2115 E.
1590 2056 1617 2113 lv
1631 2058 1686 2123 τοῖς
1699 2060 1735 2118 Κ.

952 2138 1000 2217 ἔφη
1020 2164 1032 2190 ο
1053 2137 1226 2213 μολυῦδίνους
1245 2138 1397 2218 κρατευτάς.
1411 2165 1424 2192 ι
1440 2142 1623 2200 Dubitantius
1637 2148 1737 2203 eodem

951 2228 1038 2284 refert
1049 2231 1136 2287 Mein.
1154 2231 1212 2285 haee
1229 2229 1307 2303 apud
1318 2231 1485 2286 Erotianum
1500 2234 1570 2288 Lex.
1594 2231 1734 2309 Hippocr.

951 2334 982 2389 p.
1001 2335 1056 2388 17⁰
1073 2336 1081 2372 ε
1097 2316 1214 2394 ίχῖυος
1226 2314 1325 2393 χύτρος
1341 2306 1407 2382 εἶδος
1421 2317 1621 2393 μιγελοστόμου
1633 2321 1678 2377 καὶ
1690 2344 1738 2398 με·

951 2402 1044 2479 γάλης.
1060 2401 1192 2480 μίμνηται
1200 2406 1248 2473 τῆς
1257 2401 1349 2470 λίξιιος
1362 2403 1408 2461 καί
1418 2405 1452 2463 E.
1466 2408 1502 2461 Et
1510 2407 1557 2466 illa
1571 2409 1693 2465 Pollucis
1707 2410 1740 2484 6,

956 2493 1010 2548 103
1035 2511 1042 2547 :
1064 2495 1081 2562 ἡ
1103 2490 1215 2569 ἐλαιηρῦ
1228 2490 1348 2571 ἐπίχυσις
1363 2491 1487 2571 χαλκεῖόν
1499 2493 1556 2551 ἐστι
1575 2493 1691 2574 μακρὸν,
1705 2495 1740 2568 ἣν

951 2577 1089 2656 χαλκίον
1107 2580 1141 2639 Ε.
1157 2578 1291 2655 ὠνόμασε.
1315 2583 1418 2657 (Mein.
1437 2582 1519 2660 χαλκ.
1539 2581 1610 2639 ίστιν
1623 2583 1655 2656 ἣν
1675 2607 1739 2660 μοι·

952 2665 1026 2741 κρῦν
1056 2665 1202 2746 χαλκίον
1229 2668 1264 2728 E.
1288 2667 1349 2740 ὢν,
1372 2669 1530 2725 secundum
1552 2673 1739 2748 Hesychiurn,

953 2753 1070 2814 Χαλκίον
1082 2754 1183 2832 μακρόν
1197 2775 1205 2814 :
1220 2751 1268 2824 τὴν
1281 2755 1407 2833 ίλαιηρᾶν
1420 2755 1552 2835 ἐπίχυσιν.
1750 2752 1753 2756 ’

871 2888 888 2902 ..
993 2845 1051 2902 Nec
1065 2862 1130 2900 vasa
1142 2854 1250 2899 tantum
1261 2855 1290 2900 et
1307 2844 1492 2901 domesticam
1513 2847 1735 2920 supellectilem,

952 2932 1003 2990 sed
1019 2951 1103 3009 agros
1121 2950 1238 3007 quoque
1248 2943 1277 2989 et
1290 2950 1389 3009 greges
1403 2934 1515 3008 alioque
1528 2934 1559 2991 id
1575 2949 1675 3010 genus,
1688 2955 1738 2991 so·

951 3020 1030 3076 dales
1048 3021 1141 3077 Calliae
1155 3022 1271 3076 interce
1283 3022 1405 3094 partitos
1421 3038 1485 3087 esse,
1505 3023 1590 3079 Mein.
1604 3025 1740 3098 colligere

951 3106 1006 3165 sibi
1016 3106 1355 3165 videtureChoeroboeeo
1364 3107 1482 3165 Belleri
1491 3101 1599 3166 Aneed.
1608 3130 1639 3186 p.
1653 3110 1738 3185 1196,

952 3206 981 3250 et
992 3196 1154 3269 Phrynicho
1163 3193 1254 3270 Praep.
1263 3197 1347 3271 soph.
1358 3215 1389 3270 p.
1403 3214 1516 3270 17‚29;
1530 3214 1653 3270 quorum
1667 3201 1715 3255 ille
1729 3220 1735 3254 :

952 3280 1050 3339 σπανία
1064 3281 1132 3339 ἐστὶν
1146 3285 1164 3353 ἠ
1176 3285 1270 3359 χρῆσις
1279 3285 1327 3352 τῆς
1346 3284 1406 3360 βοῦς
1416 3281 1516 3348 εὐθείας
1526 3285 1579 3340 τῶν
1593 3284 1737 3355 πληθυντι-

952 3392 1015 3441 κιον,
1024 3369 1125 3445 μᾶλλον
1135 3368 1162 3426 δὲ
1172 3370 1195 3427 οἱ
1204 3366 1261 3446 βόις
1269 3367 1390 3448 εὕρηται·
1407 3366 1451 3426 ἐπί
1459 3368 1487 3427 δὲ
1498 3372 1545 3440 τῆς
1554 3372 1738 3451 ὁμοφιονούσης

953 3460 1020 3528 αὗτῆ
1033 3459 1192 3530 αἰτιατικῆς,
1206 3456 1277 3536 λίγιο
1290 3457 1318 3516 δὲ
1331 3458 1378 3530 τῆς
1391 3456 1438 3526 τὰς
1454 3462 1528 3537 βοῦς,
1539 3460 1655 3519 πλατεῖιί
1668 3463 1739 3521 ἐστιν

955 3552 1002 3624 (ν.
1020 3564 1086 3609 ann.
1101 3548 1138 3605 ad
1149 3552 1230 3607 Dent.
1242 3546 1298 3624 24)
1313 3549 1449 3627 ῆχρῆσις,
1458 3550 1494 3615 rb<
1503 3548 1530 3606 ἰν
1544 3549 1580 3609 Κ.
1595 3551 1739 3618 Εὖπολεδος

1003 3682 1060 3756 elie
1080 3688 1128 3745 νῦν
1151 3680 1267 3773 σἰγροῦς,
1284 3678 1337 3744 καὶ
1351 3674 1501 3771 πρόβατα,
1519 3680 1571 3746 καὶ
1588 3684 1656 3765 βοῦς

953 3824 1003 3900 (ν.
1025 3842 1082 3879 nnn
1107 3824 1143 3879 ad
1163 3825 1299 3900 Xenoph.
1319 3824 1412 3880 Anab.
1433 3824 1462 3895 3,
1482 3831 1509 3894 l,
1535 3825 1589 3903 9);
1609 3825 1738 3901 Phryni-

953 3914 1023 3968 chus
1046 3923 1157 3982 autern,
1182 3909 1324 3982 λακεῖν,
1344 3909 1390 3969 καὶ
1416 3911 1541 3985 ἀσκηταὶ,
1560 3913 1606 3970 καί
1629 3917 1737 3986 ἀσκητι·

952 4009 1004 4072 κῶς
1029 4028 1035 4063 :
1056 4006 1087 4065 τῦ
1110 4006 1283 4084 ἀγωνιστικῆς
1301 4008 1452 4084 ἐπιμελείας
1467 4009 1606 4090 τυγχάνειν
1620 4014 1738 4071 ἀσκεῖν

952 4093 1030 4156 ἐστίν.
1049 4097 1082 4155 E.

1004 4235 1098 4287 Ιππον
1115 4219 1220 4296 κίλητ’
1235 4224 1385 4289 ἀσκοῦντα
1405 4224 1460 4299 θές.

953 4373 987 4426 ln
997 4388 1056 4443 quo
1070 4370 1128 4426 salli
1139 4381 1211 4445 puto
1221 4371 1315 4425 virum
1330 4369 1541 4439 doctissimum,
1553 4380 1582 4425 et
1594 4372 1739 4444 pertinere

931 4452 934 4510 Ι
953 4459 1007 4513 lios
1027 4459 1180 4513 versiculos
1198 4458 1235 4513 ad
1249 4457 1285 4516 sr.
1307 4476 1356 4527 ao,
1372 4457 1422 4512 ubi
1437 4476 1499 4531 quae
1513 4459 1656 4532 leguntur,
1673 4475 1737 4517 sunt

954 4546 1041 4602 verba
1055 4546 1128 4602 servi
1141 4547 1218 4619 quia
1233 4544 1352 4600 domino
1367 4545 1483 4613 dietata,
1496 4557 1525 4601 et
1539 4547 1575 4601 ab
1593 4547 1653 4622 ipso
1672 4568 1738 4622 per-

953 4634 1074 4707 scripta,
1088 4634 1155 4688 huic
1166 4632 1303 4709 praelegit,
1317 4632 1429 4688 utsolet
1440 4630 1518 4707 steri,
1533 4635 1650 4710 nequid
1665 4637 1739 4691 lortc

497 4807 541 4857 18.

124 4932 142 4975 ι
157 4920 309 4979 Alcibiades
323 4937 339 4977 a
352 4919 520 4977 mulieribus
532 4922 610 4977 exito.
622 4921 651 4977 b.
663 4920 735 4993 Quid
745 4921 876 4992 nugaris?

123 5002 749 5080 iondomumreversustuanripsiusnrulierem
757 5006 912 5065 exercebis?

500 5129 542 5181 19.

121 5225 227 5297 Ferunt,
238 5230 355 5303 rapiunt
367 5244 384 5286 e
397 5228 486 5286 domo

120 5326 228 5381 ιιιτιιειι,
240 5322 390 5388 argentum
400 5335 409 5382 ς
420 5321 585 5373 ναειοῑυτ...

1323 4805 1358 4855 20

956 4885 1028 4942 Audi
1040 4885 1132 4956 igitur,
1143 4901 1206 4957 qun
1217 4886 1272 4941 sint
1280 4885 1406 4943 utensilia
1416 4886 1443 4942 in
1455 4886 1561 4946 adibus
1571 4909 1579 4956 3

955 4980 983 5028 et
993 4973 1118 5028 similiter
1128 4973 1219 5028 rninor
1228 4973 1373 5045 perscripta
1385 4982 1425 5029 est
1436 4975 1566 5048 supellex.

1325 5066 1369 5115 24.

957 5148 1031 5201 Pone
1040 5160 1114 5201 nunc
1126 5159 1216 5217 agros,
1226 5154 1253 5202 et
1265 5161 1372 5217 pecora,
1389 5154 1416 5202 et
1426 5156 1560 5203 armento.

1326 5238 1369 5289 at.

929 5338 934 5383 ι
959 5322 1067 5389 Equum
1077 5318 1255 5376 desultoriuru
1266 5328 1433 5375 exercentem
1445 5333 1523 5388 φοιιο.
1592 5338 1594 5349 ·
