3917 5950
799 469 1005 532 castinus.
1673 487 1707 536 tt

93 617 119 672 p.
137 596 195 668 151,
215 578 407 675 intelligitur,
428 599 631 660 Alexandrum
651 603 692 663 M.
714 602 798 660 valde
822 604 876 659 hac

94 688 174 744 sabula
184 688 363 745 delectatum
377 707 449 748 esse.
464 692 579 751 νΜεὶπ.

470 832 497 869 1.

126 924 199 981 Stob.
214 925 319 985 Floril.
333 924 384 997 52,
402 945 435 982 ιι
453 943 461 984 :
476 925 531 1005 Κρ.
549 926 577 983 ἐν
592 921 735 991 Εὐνείδαις·

134 1031 214 1117 riter
228 1040 359 1128 ἐκείνης,
379 1051 432 1107 νοῦ
447 1035 483 1109 δὲ
503 1035 595 1108 τοῦδε
617 1040 669 1107 καὶ
686 1049 809 1135 φρενῶν.

92 1166 202 1224 lddrmt
217 1168 287 1225 libri
309 1166 493 1241 κατάλληλος,
515 1169 597 1245 quod
617 1170 723 1228 delevit
746 1171 873 1229 Grotius.

93 1257 236 1329 synesius,
258 1257 485 1330 comoedimrm,
507 1278 575 1315 oum
593 1261 794 1333 antiquarum,
815 1271 876 1316 tum

91 1346 254 1413 renaudum,
267 1345 414 1402 studiosus
436 1346 484 1421 (v.
499 1347 558 1403 Dio
573 1366 602 1423 p.
625 1347 676 1417 θα,
699 1349 732 1405 C.
745 1348 767 1423 ),
783 1350 874 1424 Epist.

95 1451 157 1506 129,
171 1454 202 1509 p.
217 1431 277 1489 265
290 1453 301 1492 t
315 1431 448 1509 Στένομεν
466 1433 629 1511 μιμνημένοε
641 1432 709 1505 ἥὸης
725 1433 749 1493 τ’
764 1433 873 1507 θκείνης,

92 1523 132 1577 νοῦ
138 1519 161 1576 τ’
175 1519 276 1577 ἐκείνου
287 1518 334 1577 καὶ
349 1522 459 1599 φρενῶν,
470 1542 596 1598 quorum
605 1523 690 1580 verba
705 1521 774 1583 στίν.
790 1546 872 1597 μεμν.

91 1609 276 1684 probabiliter
288 1610 343 1684 ipsi
353 1612 470 1667 Cratino
486 1613 652 1668 tribuuntur
666 1610 874 1669 aBlorniieldio

90 1697 123 1752 ad
134 1696 259 1771 ll'achyl.
273 1700 349 1754 Pers.
363 1717 421 1774 ²9⁰
435 1710 465 1755 et
478 1699 602 1776 Berglrio
613 1699 771 1761 Continent.
784 1719 813 1776 p.
825 1719 872 1773 7¹·

13 1784 15 1787 ’
90 1784 271 1842 Possisetiam
285 1806 312 1840 :-

230 1897 502 1994 Δναμεμνείσκεαθε
518 1913 568 1970 νῦν

132 2002 207 2085 ῆθης
221 2014 253 2073 τ’
272 2008 386 2086 ἐκείνης
402 2020 453 2076 νοῦ
469 2001 507 2075 δέ
522 2005 611 2076 τοῦδε
627 2008 679 2075 καὶ
691 2018 816 2104 φρενῶν,

86 2147 116 2192 ut
127 2137 231 2211 legitur
241 2137 321 2215 apud
337 2139 485 2194 lulianum
497 2139 601 2214 Misop.
610 2159 641 2214 p.
659 2138 729 2214 339,
744 2140 778 2195 Ι).
791 2138 871 2196 Cete-

85 2242 148 2280 rum
161 2227 183 2280 is
195 2244 314 2300 quoque
325 2227 372 2282 νοῦ
386 2226 411 2282 τ’
436 2224 546 2298 θκιίνου,
561 2227 640 2301 quod
652 2227 760 2282 nollem
775 2226 871 2283 admi-

82 2314 146 2368 sisse
165 2312 284 2382 doctos,
299 2332 392 2386 quum
411 2311 508 2370 serbis
526 2311 626 2385 ἐκείνης
639 2325 667 2370 et
688 2313 764 2372 τοῦδε
778 2333 872 2390 oppo-

81 2403 271 2456 nantur-iuter
283 2420 314 2457 se
326 2412 439 2476 tempus
448 2403 578 2477 elapsum
588 2401 744 2475 juventutis
755 2414 785 2460 et
797 2421 871 2478 prae·

77 2505 141 2544 sens
150 2488 330 2562 prudentia,
349 2489 386 2545 de
402 2508 460 2564 qua
475 2489 548 2546 illud
563 2491 651 2559 valet,
667 2491 748 2564 quod
766 2492 803 2548 de
817 2510 871 2548 usn

76 2575 149 2631 dicit
159 2576 284 2634 Ovidius
292 2578 362 2636 Met.
370 2576 400 2647 6,
413 2595 464 2651 29,
477 2594 569 2633 cama
584 2578 654 2633 seris
665 2580 746 2635 annis
758 2580 866 2637 venire.

435 2718 463 2755 a.
487 2698 515 2758 3.

13 2798 15 2831 ¹
122 2816 232 2904 Δωροῖ
240 2807 436 2884 συκοπέδιλε.

121 2921 273 3000 Τέκτονες
290 2921 475 3013 εὐπαλάμων
487 2925 601 3013 ὐμνων.

14 3111 16 3116 ,
70 3051 182 3108 crium
195 3053 300 3122 verbm
317 3065 547 3111 commemorata
562 3052 599 3109 ab
610 3053 802 3130 Aristophane
814 3055 868 3128 Eq.

71 3139 132 3196 523
150 3158 218 3214 seq.
231 3140 379 3200 lbisobol.
394 3162 402 3198 ι
423 3145 530 3220 Δωροῖ
544 3161 615 3198 ουκ.
632 3139 804 3216 (secuudum
815 3143 869 3210 ho·

69 3228 221 3284 merirum
243 3228 451 3306 χρυεοπέδιλος,
478 3242 512 3287 ut
535 3230 701 3288 Schneider.
722 3232 871 3287 annotavit

69 3317 185 3372 Lexico
204 3335 236 3376 ν.
258 3313 457 3395 Συκεπίδελος)
480 3334 488 3375 ι
510 3314 640 3392 Κρατίνου
661 3317 745 3390 (sort.
769 3319 869 3394 Κρατι·

70 3400 166 3480 νείου)
183 3402 283 3479 μέλους
293 3402 375 3483 ἆρχε)
389 3401 522 3462 σκώπτων
536 3400 565 3462 δέ
578 3426 638 3461 τινα
651 3405 746 3470 ὶκιίνος
757 3403 868 3483 δωροδό-

71 3490 434 3572 κονκετίαυκοφέντηντούτο
444 3482 526 3553 εἶπεν.
536 3496 571 3550 Et
583 3494 620 3550 ad
631 3491 782 3559 τέκτονες
796 3494 867 3553 εὐπ.

14 3639 15 3642 ,
72 3578 212 3652 ipsus:
232 3578 280 3637 καλ
301 3584 379 3639 τοῦτο
402 3579 431 3639 δέ
446 3583 477 3638 έκ
492 3582 544 3638 τῶν
567 3581 696 3640 Εὐνειδδεν
711 3581 796 3658 (libri
812 3581 869 3640 Ei·-

75 3664 214 3744 μενίδων)
237 3666 380 3745 Κρατίνου.
402 3693 415 3718 ε
433 3667 537 3726 Priora
556 3666 643 3745 Δωροῖ
658 3667 813 3727 συκοπέδιλε
834 3687 869 3725 ex

75 3758 197 3829 antiquo
208 3759 333 3813 carmine
345 3757 477 3832 parodise
494 3759 558 3814 lusu
570 3756 665 3814 efficta
678 3776 736 3815 esse
752 3768 870 3815 testatur

77 3845 387 3919 ilesyebiussubear.
409 3871 423 3896 ν
448 3847 489 3906 M.
630 3847 634 3858 '

436 3969 465 4028 Δ.
487 3959 515 4018 5.

116 4075 230 4147 Suidas,
252 4069 485 4153 Ἄμφιανακτίζειν
507 4093 513 4127 :
537 4069 606 4127 έδειν
629 4068 673 4126 τδν
697 4067 868 4148 Τερπάνδρου

79 4159 156 4234 νόμον
175 4159 221 4218 τίεν
234 4160 398 4236 καλούμενον
416 4156 502 4239 ὄρθιον
510 4204 518 4229 ,
533 4131 562 4215 οὐ
575 4154 606 4213 τδ
620 4154 756 4233 προοίμιον
769 4152 868 4226 ταύτην

81 4246 128 4317 τὴν
141 4246 227 4328 ἀρχὴν
240 4242 319 4326 εἶχεν·

120 4366 200 4447 ’Appi
214 4389 259 4443 μοι
276 4358 350 4434 αὐτις
364 4367 461 4446 ἄναχθ’
478 4365 639 4438 θκατηύολον
653 4364 737 4447 ᾀδέτω
754 4362 864 4442 ἅφρνίν.

86 4455 136 4514 ἔτει
146 4456 175 4513 tl
188 4455 233 4514 καλ
247 4456 274 4512 έν
286 4454 426 4522 Εὐνείδαις
437 4453 484 4513 καί
498 4454 525 4512 έν
535 4452 677 4533 ’Δναγύριμ
689 4454 771 4510 Libri
783 4450 868 4510 ἀδίτω

87 4541 147 4620 φρὴν
161 4556 191 4600 et
204 4541 323 4620 Εὐναίφ,
339 4563 405 4618 quae
418 4542 529 4599 dudum
542 4541 621 4598 docti
630 4541 865 4600 emendaverunt.

89 4621 161 4696 λύτις
178 4650 232 4706 pro
247 4634 363 4707 vulgato
380 4629 461 4688 αὐτὸν
482 4632 542 4705 ipse
562 4630 673 4698 Suidas,
689 4631 729 4685 ita
746 4648 868 4705 pergens

91 4721 132 4775 hl.
145 4719 356 4799 ἀμφιανιεκτίζειν
369 4738 377 4779 :
388 4715 433 4777 hl
444 4716 476 4776 τὸ
488 4716 556 4775 οὕτω
564 4718 788 4797 προοιμιάζεσθαι.
802 4714 867 4793 Τέρ-

391 4883 553 4939 EUNIDAE.

463 4977 489 5025 1.

97 5058 227 5116 turentius
238 5059 323 5127 itlius,
339 5058 482 5130 hujusque
499 5055 600 5112 mentis
613 5063 641 5110 et
659 5051 861 5125 intelligentie.

461 5149 489 5197 2.

96 5232 439 5293 Dorohmlneissandaliis.

181 5343 325 5379 ΡΙΔΩΙΕΠΑ
340 5338 467 5376 muttum:
481 5336 587 5372 militis.

925 603 1039 681 πανδρος
1055 629 1068 654 ε
1086 601 1164 682 Ἀμφί
1179 624 1223 678 μοι
1237 592 1310 669 αὐτις
1324 601 1434 661 ἄνακτα·
1450 630 1462 653 ν
1477 604 1522 661 καί
1537 604 1665 683 Ἀριοτοφ.
1683 609 1709 664 έν

926 687 1057 775 Νεφέλαις
1072 689 1152 769 (595)
1165 716 1178 740 ι
1188 686 1267 767 ’appi
1276 711 1322 766 μοι
1333 682 1407 761 εὐτε,
1421 689 1510 760 Φοῖθζ
1522 691 1587 760 ἄναξ
1596 692 1686 763 Δήλιε.
1698 720 1710 741 ν

926 774 1069 855 (llesych.
1086 777 1163 857 Ἀμφὶ
1180 775 1281 834 ἄνακτα
1297 797 1304 836 :
1319 775 1390 855 ὐρχν)
1403 778 1483 852 νόμον
1502 780 1710 857 κιθαρῳδικού.)

924 894 965 908 -
985 863 1179 943 Ἀμφιάνακτος
1201 862 1290 941 ἔλεγον
1313 863 1359 922 καί
1386 863 1446 930 τούς
1464 864 1709 944 διθυραμύοποιούς·

924 954 1039 1030 συνεχῶς
1049 950 1101 1030 γδιρ
1113 952 1205 1011 ίκεῖνοε
1217 949 1301 1030 ταύτῃ
1314 951 1429 1030 ἐχρῶντο
1439 955 1472 1031 τῇ
1483 950 1562 1031 λεἜεεἶ
1580 979 1592 1006 ι
1606 956 1708 1019 Athen.

927 1038 974 1111 15,
990 1059 1021 1115 p.
1038 1040 1109 1115 698,
1123 1044 1149 1096 D
1166 1061 1173 1095 :
1189 1036 1317 1117 κέχρηται
1336 1038 1364 1097 δέ
1388 1039 1570 1119 (παρῳδίαις)
1592 1039 1637 1099 καί
1653 1043 1706 1118 Κρ.

923 1126 937 1181 δ
951 1128 998 1196 τῆς
1012 1125 1125 1204 ἀρχαίας
1139 1125 1280 1204 κωμῳδίας
1293 1125 1406 1197 ποιητὴς
1425 1127 1452 1184 ir
1472 1125 1617 1194 Εὐνείδαις.
1634 1132 1708 1187 ilinc

922 1212 1041 1269 sortasse
1052 1214 1090 1270 ad
1109 1214 1230 1270 eandem
1245 1214 1370 1270 fabulam
1388 1215 1539 1271 referenda
1556 1227 1630 1289 sunt,
1644 1234 1709 1291 quae

922 1300 1056 1376 leguntur
1071 1302 1150 1375 apud
1164 1302 1355 1376 Porphyrium
1365 1302 1480 1358 Eusebii
1500 1304 1589 1377 Praep.
1604 1321 1706 1379 evang.

925 1408 972 1460 10,
999 1390 1015 1445 3
1039 1408 1047 1448 ι
1071 1388 1102 1446 τὸ
1131 1386 1182 1466 γὰρ
1207 1414 1219 1439 ε
1242 1387 1286 1445 τὸν
1310 1389 1333 1447 δ’
1355 1387 1567 1464 οὐπαμειθόμενος
1588 1389 1707 1471 προσέφη

921 1474 1039 1554 κρείων(
1054 1478 1142 1532 immo
1159 1474 1283 1554 κρατερὸς
1306 1478 1388 1535 iliad.
1410 1477 1439 1547 5,
1462 1478 1537 1549 θιύς
1560 1498 1606 1548 rr,
1628 1479 1706 1554 316)

921 1561 1068 1638 Διομήδης,
1082 1588 1095 1614 ν
1114 1564 1197 1639 σιγῶ,
1208 1560 1329 1642 Ὁμήρου
1342 1562 1546 1644 κωμῳδηθέντος
1562 1562 1612 1622 ὐπὸ
1633 1568 1707 1645 Κρα·

920 1648 992 1708 τίνου
1006 1649 1049 1707 δεδι
1063 1647 1094 1707 εδ
1105 1646 1249 1707 πλεονθσαι
1260 1651 1287 1708 έν
1298 1653 1337 1729 τῷ
1353 1649 1418 1708 ετδν
1432 1650 1455 1709 δ’
1464 1650 1674 1729 araunium<
1684 1671 1707 1712 ν’.

921 1775 960 1788 ..
971 1740 1063 1794 Usum
1073 1737 1251 1811 frequentem
1262 1738 1422 1796 hexametri
1431 1742 1460 1795 in
1474 1742 1576 1810 nornis,
1589 1760 1706 1815 praeser·

921 1826 971 1879 tim
989 1826 1150 1898 prooemiis,
1170 1826 1294 1882 ostendit
1323 1828 1409 1884 etiam
1433 1829 1576 1884 Timothei
1604 1830 1707 1886 Milesii

920 1911 1071 1968 exordium
1091 1914 1242 1968 Persarum
1262 1914 1340 1989 apud
1354 1915 1538 1971 Plutarchum
1548 1916 1663 1989 Philop.
1678 1936 1704 1974 c.

922 2017 993 2055 11.»
1008 2001 1098 2057 Mein.

1295 2117 1325 2174 6.

959 2230 1062 2287 Joanu.
1081 2231 1290 2290 Alexandrinus
1309 2231 1352 2286 De
1372 2247 1431 2286 acc.
1445 2249 1475 2305 p.
1498 2247 1546 2303 a9,
1568 2228 1627 2286 25:
1648 2226 1705 2286 ion

920 2313 977 2374 ruit
999 2316 1164 2394 (adverbia)
1180 2315 1225 2376 καί
1242 2314 1316 2396 noph
1332 2315 1478 2386 αἰτιατικῆς
1492 2313 1632 2393 γεγονότα,
1651 2304 1704 2374 οἷον

919 2402 949 2462 τὸ
970 2401 1053 2483 πέραν
1066 2405 1111 2464 καί
1125 2405 1244 2487 πέρην...
1256 2402 1303 2463 καὶ
1316 2402 1368 2462 iet
1382 2404 1495 2475 δοτικῆς.

968 2525 1099 2622 Enispe<
1117 2536 1221 2599 αὐτοῦ·
1240 2536 1281 2623 μή
1298 2532 1374 2623 πέρα
1391 2523 1502 2622 προθῇς
1514 2528 1619 2621 λόγου,

920 2669 971 2746 lip·
987 2667 1137 2745 Εὐμένιαιν.
1149 2670 1304 2730 Contendit
1317 2669 1403 2726 Mein.
1417 2685 1472 2742 pro
1487 2663 1628 2741 ίύὐμύνεσιν
1639 2683 1701 2740 po·

918 2758 1046 2813 nendum
1064 2776 1122 2815 esse
1137 2756 1289 2829 Εὐνείδαις,
1307 2757 1380 2811 sicut
1395 2753 1523 2812 Εὐνειδῶν
1536 2772 1591 2830 pro
1614 2753 1702 2828 Εὐμε·

918 2840 994 2900 νίδων
1011 2848 1042 2901 io
1059 2845 1168 2902 scholio
1184 2845 1222 2903 ad
1237 2847 1289 2918 Eq.
1308 2843 1365 2901 523
1387 2841 1507 2920 (fragm.
1527 2841 1613 2915 hujus
1633 2842 1702 2898 dra·

917 2933 1001 2989 matis
1018 2952 1035 2991 a
1054 2942 1084 2990 ct
1098 2932 1149 3009 3);
1168 2951 1221 2991 nec
1235 2931 1416 3008 negaverim,
1437 2948 1539 3006 parum
1559 2940 1640 3005 aptas
1653 2948 1702 2987 co·

917 3020 1028 3075 moediae
1045 3037 1182 3094 personas
1199 3038 1256 3079 csse
1271 3017 1461 3075 Eumenidum
1478 3035 1528 3074 seu
1539 3018 1700 3086 Furiarum,

917 3105 968 3163 sed
982 3108 1122 3182 ipsarum,
1139 3127 1199 3163 non
1212 3104 1334 3181 figurate
1347 3104 1499 3175 dictarum,
1512 3114 1545 3159 ut
1558 3103 1641 3160 dictae
1661 3107 1701 3159 vi·

917 3195 1022 3252 dentur
1035 3215 1081 3252 res
1092 3195 1282 3252 Eumenidum
1292 3195 1322 3249 in
1329 3194 1384 3249 hac
1398 3192 1493 3248 fabula
1504 3209 1558 3266 pro
1572 3193 1702 3248 meretri·

917 3284 1009 3354 cibus,
1025 3283 1130 3357 quibus
1152 3300 1288 3358 personas
1307 3280 1473 3355 imposuerit
1484 3277 1547 3346 Cr„
1566 3289 1702 3351 tanquam

916 3371 1055 3427 similibus
1063 3372 1165 3427 harum
1172 3381 1201 3427 et
1210 3370 1342 3426 affectata
1348 3368 1548 3425 benevolentia
1558 3365 1566 3444 (
1577 3384 1643 3422 nam
1657 3368 1702 3423 εὐ-

917 3459 988 3535 perir
1000 3461 1119 3535 proprie
1132 3470 1172 3517 est
1181 3458 1331 3527 benevola,
1343 3458 1420 3513 mitis
1432 3471 1440 3514 :
1451 3474 1479 3514 r.
1489 3455 1606 3514 Gesneri
1618 3456 1700 3514 Thes.

917 3549 937 3603 l.
953 3549 973 3604 l.
991 3567 1019 3603 ν.
1040 3547 1210 3604 Eumenides
1221 3545 1246 3621 ),
1265 3557 1293 3601 et
1307 3543 1493 3618 crudelitate;
1508 3541 1699 3616 quemadmo-

916 3634 986 3689 dum
1015 3646 1044 3690 et
1061 3635 1221 3707 sphingum
1252 3633 1368 3688 nomine
1395 3630 1542 3686 verberari
1572 3630 1702 3685 solebant

915 3733 1009 3778 scorta
1014 3721 1168 3797 Megarica,
1178 3720 1294 3777 testibus
1301 3719 1442 3793 Hesychio
1454 3728 1484 3773 et
1494 3716 1591 3775 Suida.
1604 3717 1700 3790 Lydus

916 3810 1062 3865 Plautinus
1075 3808 1178 3865 Broch.
1196 3807 1226 3883 3,
1246 3826 1272 3879 ι,
1286 3818 1361 3863 stans
1380 3804 1507 3861 adfores
1517 3803 1699 3872 Bacchidum,

956 3897 1074 3954 Pandite
1098 3906 1184 3970 atque
1205 3896 1313 3969 aperite
1333 3911 1459 3970 propere
1476 3898 1600 3964 januam
1624 3891 1700 3946 hunc

1473 4010 1559 4089 [Orci]
1573 4014 1700 4068 obsecro!

953 4123 1020 4162 uam
1032 4106 1165 4180 equidem
1181 4104 1258 4162 haud
1279 4106 1360 4161 aliter
1382 4120 1440 4160 esse
1460 4101 1537 4158 duco
1558 4118 1566 4159 ε
1591 4103 1699 4175 quippe

1394 4189 1464 4266 {quo
1475 4207 1557 4246 nemo
1568 4188 1698 4258 advenit,

954 4281 1008 4337 nisi
1022 4299 1108 4356 quem
1126 4299 1190 4357 spes
1209 4281 1348 4354 reliquere
1369 4295 1476 4346 omues,
1496 4295 1555 4333 esse
1572 4288 1606 4332 ut
1624 4276 1700 4351 frugi

1519 4363 1646 4442 [possiet.
1659 4397 1699 4410 -

953 4456 1108 4513 Bacchides
1133 4475 1191 4512 non
1218 4453 1392 4521 Bacchides,
1417 4453 1467 4509 sed
1487 4453 1611 4508 Bacclroe
1635 4467 1700 4510 sunt

1522 4538 1697 4616 [ucemumae.

953 4632 1051 4705 Apage
1065 4631 1129 4688 istas
1140 4649 1157 4687 a
1170 4649 1216 4687 me
1228 4647 1343 4695 sorores,
1360 4648 1425 4703 quoe
1436 4628 1577 4684 hominum
1588 4629 1702 4684 sorbent

1500 4714 1676 4792 [sanguinem
1686 4717 1698 4773 ί

1292 4882 1308 4933 3

915 4966 1063 5023 Architecti
1075 4965 1277 5038 ingeniosorum
1289 4963 1467 5036 hymnorum.

1291 5057 1317 5106 6.

914 5139 966 5196 ilic
978 5138 1086 5206 desinc3
1102 5154 1136 5195 oc
1148 5154 1229 5212 perge
1238 5139 1355 5196 ulterius
1365 5137 1464 5194 dicere.
