3917 5950
291 540 343 592 198

331 666 437 758 Κοίρυα
447 716 455 748 ,
466 668 548 756 ῥόας,
562 666 711 757 φοινίκιαι,
730 670 967 762 νωγαλίσματα,

331 772 501 863 σταμνοίριοί
515 779 545 837 τ’
561 772 640 839 οἴνου
652 772 744 867 μικρὰ
760 785 812 842 τοῦ
829 776 1009 866 φοινικίνου,

330 879 426 968 ῲοίρια
435 930 443 957 ,
453 875 565 944 τοιαῦθ’
577 882 666 971 ἕτερα
684 879 787 947 πολλὰ
801 880 939 974 παίγνια.

281 1007 369 1059 Versu
384 1022 395 1058 ι
417 1004 481 1058 libri
501 1001 614 1081 φοινίκια
636 1002 712 1084 ἵτιρα
727 1028 790 1081 νωγ.
804 1009 838 1064 V.
857 1026 874 1064 a
890 1005 973 1086 μικρὰ
985 1010 1066 1065 abest

281 1092 332 1150 lib.
350 1111 374 1150 1.
386 1094 507 1150 lleinek.
519 1091 660 1172 φοινικίνου
670 1116 725 1171 pro
738 1100 889 1174 φοινικινοῦ.
899 1102 932 1156 V.
947 1119 1013 1155 ann.
1028 1101 1066 1157 ad

280 1181 389 1254 Epheb.
409 1201 435 1254 ι,
452 1201 478 1236 a.

320 1401 400 1457 Idem
414 1420 444 1471 a,
459 1422 489 1477 p.
504 1402 551 1476 38,
567 1406 587 1463 tt
607 1420 615 1460 ε
635 1402 699 1482 φηοί
711 1425 761 1462 που
775 1402 842 1483 Ἔφ.

328 1541 359 1583 α.
378 1515 466 1583 Οἶνου
485 1518 517 1581 σὲ
532 1519 647 1594 πλῆθος
659 1518 750 1584 πολλ’
767 1513 931 1611 ἀναγκάζει
940 1525 1060 1585 λαλεῖν.

329 1625 359 1706 β.
376 1626 489 1687 Οὐκοῦν
506 1623 666 1713 μεθύοντάς
681 1649 754 1714 φασι
764 1625 880 1698 τάληθῆ
894 1626 1008 1719 λέγειν.

658 1754 684 1810 5.

321 1863 364 1923 lb.
380 1883 409 1938 p.
427 1864 477 1931 61,
494 1868 531 1931 t,
548 1865 583 1921 de
596 1862 728 1940 μύκηοιν,
740 1867 771 1924 h.
786 1887 810 1926 e.
825 1868 918 1942 iungis
931 1868 1064 1925 lucerna·

278 1970 352 2021 rum,
363 1952 423 2025 qui,
437 1953 491 2008 nisi
501 1951 672 2027 adimantur,
681 1955 790 2011 lumina
802 1956 970 2031 opprimunt
978 1966 1064 2029 atque

280 2041 428 2115 extingunt
445 2040 568 2114 (Plinius
581 2043 619 2098 Η.
632 2043 670 2099 Ν.
689 2041 741 2118 18,
757 2040 793 2098 35
811 2062 818 2098 z
842 2062 927 2117 quum
940 2061 993 2099 aer
1005 2042 1064 2097 ltu·

279 2132 438 2185 neidmerre
451 2134 570 2203 coeperit
578 2171 588 2199 ‚
600 2128 722 2199 favilla,
743 2150 810 2206 quoe
827 2150 889 2187 cum
896 2128 983 2202 sumo
994 2133 1066 2187 solet

279 2219 382 2289 egredi
397 2216 544 2291 prohibita
555 2224 632 2274 aeris
644 2225 808 2292 crassitate,
821 2225 851 2275 ia
862 2222 982 2275 tucemts
991 2224 1063 2274 resi-

277 2308 328 2360 det
338 2306 509 2378 erquasdam
521 2307 601 2361 veltet
601 2304 759 2379 fungorum
779 2313 907 2364 imitatur
917 2312 1062 2381 imagines.

278 2396 352 2449 Hinc
358 2405 454 2466 putres
465 2411 639 2451 concrescere
643 2393 754 2471 fungos
770 2396 845 2454 dixit
859 2397 940 2453 Maro
956 2397 1060 2471 Georg.

281 2499 308 2549 τ,
327 2478 402 2558 392)
420 2476 591 2559 ιἘφιπιτος,

326 2596 374 2690 lv',
391 2609 490 2698 ὥσπερ
509 2609 539 2673 οἱ
553 2609 702 2699 μύκητες,
718 2604 919 2700 ἀποπνίξαιμί
933 2635 977 2676 σι.

275 2725 384 2810 Ὦοπιρ
397 2732 421 2790 οἱ
435 2729 566 2810 μύκητας,
580 2736 681 2811 supple
700 2733 873 2811 ἀποπνίγουσι
888 2734 931 2792 τὸν
953 2732 1059 2811 λύχνον.

275 2821 335 2879 Nec
349 2841 421 2897 opus
435 2833 477 2879 est
486 2824 572 2880 scribi
589 2822 702 2902 ὥοπιριὶ
713 2821 779 2899 uix.

642 3098 692 3158 tt.

543 3245 786 3313 ANAXILAS.

319 3415 330 3440 α
348 3391 480 3447 Αοακίιιο
493 3391 551 3445 sive
563 3389 716 3445 Anaxilaus
727 3387 826 3444 mediae
842 3389 934 3464 poetis
946 3407 1057 3445 comoe-

276 3477 329 3533 diae
345 3477 534 3534 accensendus
546 3487 587 3533 est
606 3487 727 3552 propter
751 3473 878 3533 Platonis
899 3478 1059 3533 irrisionem

275 3582 322 3640 ap.
343 3566 430 3640 Diog.
457 3565 551 3621 Laert.
581 3563 614 3634 3,
638 3564 695 3639 28,
723 3563 942 3639 dramatumque
963 3566 1059 3622 titulos

274 3670 405 3727 magnam
423 3661 532 3726 partem
550 3670 585 3708 ex
605 3651 773 3724 antiquitate
800 3652 926 3709 sabulosa
949 3655 1058 3728 petito-

273 3757 347 3797 rum.
365 3741 477 3796 nMer'n.
494 3740 566 3795 Hist.
581 3739 646 3794 crit.
664 3738 755 3804 Com..
781 3739 830 3793 ubi
850 3739 886 3795 de
902 3733 956 3794 illis
973 3739 1058 3797 docte

275 3827 386 3884 disserit
395 3846 425 3902 p.
437 3834 534 3900 4079.

540 3961 563 4020 l.
586 3960 787 4021 trpotttoz.

313 4114 429 4171 Antiati.
443 4131 473 4187 p.
490 4111 540 4186 93,
563 4113 610 4180 18,
626 4107 886 4178 Ἐπιτοιτῶσαι,
902 4112 936 4174 ὡς
953 4110 1056 4169 irrideu-

273 4202 397 4279 τιρῶοαι.
410 4196 544 4265 Ἀναξίλας
557 4196 693 4277 Ἀγροίκῳ.

529 4341 567 4399 ll.
595 4339 609 4369 ⁴¹
633 4340 804 4400 ΑΝΤΙΔΟ...

314 4491 432 4546 Αυιὶοιι.
454 4507 483 4562 p.
504 4487 574 4559 103,
604 4507 634 4560 9,
659 4482 909 4561 Κροταλίζτιν.
933 4484 990 4540 ἀντὶ
1011 4484 1055 4539 τοῦ

273 4741 378 4807 Nuces,
390 4742 516 4809 mamm,
534 4656 683 4808 minutal,
696 4734 808 4793 bellaria

273 4826 386 4895 vinique
398 4822 506 4881 vaseula
518 4822 628 4896 palmei,

272 4928 323 4969 ova
334 4954 342 4980 ,
352 4920 379 4969 et
389 4910 527 4984 ejusmodi
539 4911 592 4967 alia
605 4912 691 4969 multa
706 4910 820 4969 ludicra.

272 5101 297 5144 a.
310 5085 373 5142 Vini
380 5084 549 5141 abundantia
562 5093 589 5141 te
598 5004 772 5157 oogti'mutu
782 5086 894 5158 garrire.

272 5176 300 5231 b.
314 5174 399 5247 Atqui
408 5173 497 5230 ebrios
507 5172 585 5229 aiunt
595 5188 656 5229 vere
667 5171 767 5230 dicere.

650 5264 677 5313 5.

274 5351 313 5404 Ut
323 5355 349 5403 te
363 5344 496 5402 sullooem
505 5386 512 5413 ,
522 5344 596 5399 velut
605 5342 693 5414 iungi.

793 522 930 595 MitutAE
952 536 1156 597 coMOEutAE
1179 538 1383 613 unitorum.

1120 669 1229 747 κροτεῖν.
1245 670 1298 730 Ἀν.
1315 669 1450 730 Ἀντιδο...
1468 671 1494 749 [-
1508 677 1596 748 possis
1611 672 1763 753 Ἀντιδότιρ,
1780 683 1820 735 vei
1834 679 1880 739 'tt-

1115 757 1225 829 τιδόοιι,
1238 762 1283 817 vel
1302 758 1453 840 Ἀντιδίκιρ,
1467 772 1495 819 et
1508 763 1579 838 quid
1589 765 1668 820 non?
1681 790 1692 816 ι
1708 768 1809 841 Mein.)

1370 921 1419 980 lll.
1443 922 1638 982 tttfltflt.

1464 1085 1490 1122 1.
1514 1085 1543 1122 a.

1160 1179 1263 1236 Athen.
1279 1178 1308 1247 3,
1323 1198 1353 1253 p.
1368 1181 1466 1253 ¹2li‚F
1483 1198 1490 1236 :
1504 1176 1633 1236 λακκαίου
1644 1176 1736 1245 ὓδατος
1743 1181 1880 1255 μνημονεύει

1113 1268 1165 1324 tte.
1179 1265 1205 1321 lv
1220 1264 1332 1341 Αὐλητῇ
1346 1262 1440 1337 οὕτως,

1162 1366 1277 1453 ίδατός
1292 1401 1326 1443 τε
1338 1376 1485 1443 λακκαίου
1497 1384 1565 1470 παρ’
1585 1382 1658 1468 ἐμοῦ
1679 1378 1762 1444 τουτί
1775 1379 1808 1468 γε’
1822 1405 1860 1444 τοι

1160 1476 1257 1572 νόμιζ’
1273 1481 1431 1574 ὑπάρχειν.

1111 1607 1156 1666 καὶ
1167 1607 1247 1666 πτίλον

1161 1730 1234 1818 laus
1249 1767 1287 1807 το
1300 1743 1447 1808 λακκαῒόν
1460 1739 1488 1835 γ’
1500 1734 1581 1834 ὕδωρ
1590 1743 1749 1809 ἀπόλωλε.

1110 1878 1263 1952 Suspicor,
1276 1878 1456 1935 scribendum
1473 1898 1530 1936 esse
1540 1898 1624 1936 versu
1636 1880 1749 1955 integro
1761 1880 1876 1936 emmu-

1110 1985 1164 2022 ναι.
1181 1965 1303 2022 Meinels.
1316 1962 1440 2023 ἀπόλωλέ
1451 1987 1501 2024 σοι.
1513 1963 1613 2024 Primo
1623 1968 1783 2026 τοιουτοιί.
1795 1968 1816 2026 B
1826 1970 1876 2043 iusi

1109 2072 1140 2108 το
1151 2072 1178 2108 τε
1188 2073 1217 2127 γε
1228 2073 1282 2110 τοι.
1294 2055 1316 2108 Ρ
1326 2050 1356 2109 τό
1365 2074 1390 2110 τι
1404 2075 1433 2129 γι
1448 2074 1497 2111 σοι.

1345 2223 1397 2281 tv.
1424 2222 1650 2284 uotetstutt.

1149 2368 1195 2426 td
1206 2371 1282 2425 hunc
1295 2371 1408 2425 titulum
1419 2370 1559 2425 librorum
1571 2372 1717 2446 scriptura
1730 2371 1875 2448 ducitapod

1109 2458 1254 2514 Pollucem
1269 2477 1316 2526 ro,
1331 2476 1396 2533 190,
1405 2469 1438 2513 ut
1449 2459 1533 2514 Mein.
1544 2460 1710 2529 annotavit3
1721 2478 1774 2516 nec
1783 2479 1873 2535 regan,

1109 2544 1224 2601 ridiculi
1232 2562 1317 2601 causa
1330 2564 1435 2601 nomen
1448 2547 1600 2620 proprium
1612 2545 1766 2622 Βοτρυδίων
1779 2547 1874 2604 formari

1107 2633 1233 2707 potuisse
1244 2633 1280 2688 ab
1295 2634 1468 2708 appellativo
1481 2630 1627 2710 βοτρύδιον,
1641 2645 1675 2689 ut
1686 2634 1873 2710 significaretur

1108 2722 1234 2776 Uvamm
1243 2738 1292 2776 seu
1304 2721 1362 2775 vini
1375 2720 1480 2776 amans.
1496 2721 1578 2776 Certe
1587 2740 1647 2795 pre
1656 2721 1716 2775 hoc
1732 2721 1822 2779 sordet
1832 2721 1873 2777 tt-

1073 2855 1075 2858 ,
1107 2806 1219 2886 τρυλίων
1248 2807 1327 2885 apud
1344 2809 1502 2884 Diogenem
1522 2809 1612 2866 laert.
1643 2820 1673 2865 et
1701 2809 1873 2885 Antiatium,

1108 2898 1212 2972 vixque
1225 2895 1303 2953 aliud
1312 2905 1353 2952 est
1364 2915 1448 2971 quam
1460 2915 1542 2952 error
1554 2898 1658 2953 similes
1673 2898 1697 2954 Δ
1712 2908 1741 2953 ct
1752 2898 1775 2956 Λ
1787 2899 1873 2953 litteras

1109 2987 1356 3041 commutantium.

1146 3244 1247 3299 Pollux
1263 3259 1375 3314 10,t90
1392 3261 1398 3294 :
1416 3236 1554 3318 Ἡρόδοτος
1574 3239 1601 3296 δὲ
1614 3241 1663 3316 (ἓ)
1683 3239 1730 3298 καὶ
1743 3238 1867 3316 κεραμίνην

1105 3327 1200 3385 κύλικα
1213 3326 1273 3407 ἔφη.
1287 3325 1356 3384 xall
1369 3324 1421 3387 Ἂν.
1434 3328 1460 3383 ἐν
1475 3324 1635 3404 Βοτρυλίωνι
1646 3327 1704 3399 (sic
1717 3327 1814 3403 editi),

1155 3463 1269 3525 Οὐκοῦν
1283 3457 1349 3548 ἐμοὶ
1358 3456 1444 3523 τουτὶ
1459 3457 1577 3550 γίνοιτο
1593 3458 1744 3549 κεράμιον.

1104 3608 1179 3664 Olim
1192 3606 1300 3680 vulgati
1317 3624 1323 3658 :
1340 3601 1386 3659 καὶ
1399 3601 1447 3659 οὗκ
1468 3599 1499 3658 ἂν
1518 3601 1577 3677 ἐμοὶ
1595 3601 1671 3659 ταυτὶ
1695 3625 1723 3678 γ.
1746 3603 1866 3680 κερίμιντ.

1105 3694 1203 3753 Codex
1212 3693 1289 3766 Seb.‚
1300 3710 1387 3766 quem
1396 3701 1495 3766 postea
1508 3692 1597 3747 secuti
1611 3702 1678 3747 sunt
1690 3690 1809 3747 Pollucis
1818 3690 1866 3746 edi·
1924 3711 1925 3766 3

1105 3793 1181 3837 tores
1195 3798 1203 3837 ε
1221 3779 1280 3839 Οὐκ
1297 3776 1328 3834 ἄν
1342 3775 1373 3855 γί
1385 3799 1431 3853 μοι
1442 3775 1513 3835 τουτὶ
1525 3798 1549 3854 γ.
1562 3775 1713 3856 καράμινον,
1727 3779 1755 3834 in
1769 3797 1823 3854 quo
1833 3798 1869 3831 αν·

1103 3887 1180 3945 γτμοι
1191 3867 1305 3923 videtur
1315 3867 1450 3923 exstitisse
1459 3883 1493 3921 ex
1504 3885 1632 3940 ανομοιγ
1646 3867 1742 3922 littera
1753 3880 1810 3922 orta
1821 3884 1868 3919 exv

1104 3956 1188 4013 simili
1201 3956 1304 4012 vicina.
1318 3953 1389 4011 Cod.
1407 3956 1484 4011 Voss.
1495 3953 1544 4010 οὔκ
1557 3953 1588 4011 ἄν
1602 3975 1633 4030 γε
1646 3952 1685 4030 μή
1703 3975 1753 4012 ται
1765 3952 1790 4010 τί
1803 3950 1866 4026 γίνῃ·

1108 4065 1158 4102 ιιι.
1171 4041 1255 4100 Unde
1266 4042 1349 4100 Mein.
1366 4038 1443 4115 conj.
1459 4039 1507 4096 οὐκ
1519 4037 1550 4096 ἂν
1564 4038 1625 4113 ἐμοὶ
1637 4039 1709 4098 ταυτὶ
1722 4039 1830 4118 γίνηται.

1481 4196 1509 4235 2.

1125 4274 1261 4365 *Antimt
1286 4324 1317 4378 φ.
1346 4303 1419 4372 ιι3,
1437 4322 1484 4373 αα,
1507 4303 1693 4373 Συνήλικο.
1709 4304 1760 4364 Ἂν.
1783 4306 1867 4379 uota

1102 4390 1176 4450 λίωνι
1189 4393 1267 4469 (sic).
1280 4416 1293 4441 ι
1303 4392 1454 4460 Αιιίοἰοιιι,
1474 4393 1596 4466 opinor,
1616 4395 1795 4467 requirebant
1808 4381 1864 4459 ἧλιξ.

1102 4484 1140 4539 tt
1153 4476 1260 4549 ουνῆλιξ
1273 4479 1345 4535 dixit
1352 4478 1410 4550 jam
1421 4480 1538 4552 Eupolis
1550 4482 1622 4539 Mar.
1639 4480 1668 4551 5,
1684 4482 1712 4540 8.
1728 4483 1793 4536 uM.

1413 4621 1570 4700 uncia.

1337 4759 1340 4770 .
1481 4753 1507 4791 ,,

1102 4831 1136 4884 Ει
1145 4827 1319 4884 cisterninam
1328 4826 1440 4899 quidem
1453 4826 1525 4884 hano
1536 4844 1635 4900 aquam
1646 4828 1716 4902 apud
1731 4843 1773 4884 ma
1782 4826 1826 4883 tibi

1101 4920 1165 4985 puta
1178 4920 1331 4985 suppetere.

1099 5089 1225 5144 Fortasse
1237 5086 1411 5143 cisterninam
1423 5006 1522 5159 aaudiat
1532 5090 1692 5162 eorrupisse.

1391 5179 1588 5236 Botutulo.

1477 5273 1501 5321 l.

1104 5352 1191 5424 igitur
1202 5351 1260 5408 haee
1272 5350 1337 5406 milii
1353 5350 1388 5405 sit
1400 5350 1507 5406 testula.
