3917 5950
218 517 276 567 tut

216 647 361 695 insincerus
373 679 381 707 ,
395 656 454 711 quo
466 637 639 710 pertinentia
650 637 789 710 proximis
804 653 852 691 sex
868 636 1000 692 versibus

217 737 486 785 commemorantur.
507 726 599 799 Vulgo
614 715 748 803 εὔστοχος,
763 725 844 799 quod
852 725 976 781 alienum
991 745 998 784 ε

218 818 235 873 λ
253 830 281 874 et
298 815 486 894 xpermixta,
499 824 533 868 ut
546 812 647 885 odyss
661 830 710 885 ao,
726 810 776 879 85,
791 814 876 870 Arist.
889 812 1000 871 Erotes.

221 925 266 962 ιο.
285 907 320 963 V.
337 903 354 960 3
370 905 408 959 sic
422 903 548 977 Scaliger
567 920 575 955 ι
592 900 657 955 libri
673 900 843 957 ύποιιαθιεῐσα
865 897 938 975 πόμα
956 900 1002 956 rel

217 1015 248 1052 το
267 1014 317 1067 μα.
333 994 367 1048 V.
384 1000 401 1059 4
424 991 490 1046 libri
506 984 593 1046 πολλδ
607 1007 660 1063 pro
682 985 752 1043 πόδα
767 990 914 1064 prebent,
936 1007 1001 1044 cor·

218 1093 328 1138 rectum
351 1080 541 1153 aScaligero.
561 1073 702 1155 Ύποίύλῳ
715 1078 855 1147 Dobraeus
875 1095 931 1151 pro
952 1075 1002 1133 tut

220 1166 312 1247 ξυρὸν,
334 1165 439 1224 πίδιλον
467 1161 595 1231 ὑπόξυλον
614 1166 817 1240 interpretetus
838 1165 1003 1221 cottonem

219 1260 282 1313 basi·
304 1260 399 1330 lignea
420 1262 593 1311 instructum.
609 1255 644 1313 V.
656 1254 676 1309 6
693 1254 738 1323 ὣς,
752 1253 818 1308 libri
832 1241 871 1323 td,
884 1252 1003 1327 quicum

219 1346 254 1414 ἐς,
265 1344 304 1414 ού,
318 1346 350 1415 ὠ,
364 1356 393 1401 et
401 1346 516 1420 similia,
528 1341 667 1399 conflandi
682 1342 774 1397 solent
786 1360 794 1400 :
806 1358 871 1397 nam
883 1342 1003 1416 proprie

219 1432 324 1510 χλανίδι
336 1432 452 1489 indutus
466 1451 526 1487 non
539 1441 634 1506 potest
645 1428 703 1486 dici
714 1433 807 1508 τεθωρ.
824 1430 862 1490 V.
877 1450 892 1502 7
906 1432 1004 1487 simili·
1028 1437 1032 1519 ἒ,

220 1537 264 1580 ter
284 1525 368 1580 Arist.
386 1522 462 1579 Eccl.
480 1519 536 1575 150
554 1519 591 1575 de
605 1519 724 1574 muliere
737 1519 976 1576 concionabunde
994 1539 1001 1574 :
1029 1525 1032 1545 ¹

221 1607 402 1689 διερεισαμένη
414 1606 586 1686 τὸσχῆμιιτῇ
598 1604 739 1685 βακτηρίῳ.
749 1608 784 1666 V.
795 1607 813 1663 8
825 1609 899 1664 miro
906 1626 1005 1665 errore

222 1699 309 1758 codd.
326 1695 377 1756 ὑπὸ
393 1694 526 1755 Πλότωνα
542 1694 597 1753 καί.
616 1691 850 1752 Ὗποπλατωνικολ
867 1697 1005 1755 dicuntur

220 1788 361 1845 Platonici
374 1787 433 1842 sive
447 1784 610 1842 Academici
622 1784 701 1840 velut
714 1784 900 1859 supposititii,
911 1803 1006 1860 neque
1030 1736 1034 1867 ψ

221 1877 344 1951 gettuini.
363 1877 396 1934 V.
415 1892 434 1947 9
457 1898 469 1922 ι
491 1872 557 1928 libri
579 1867 689 1949 Βρύσων
709 1874 724 1929 ό
743 1875 858 1950 θρασυμ.
884 1874 1002 1931 Grotius
1032 1882 1035 2019 ψ

182 2009 185 2015 ,
223 1962 350 2043 Βρύσωνα
360 1964 475 2040 θρασυμ.
488 1964 526 2018 At
541 1960 696 2034 Brysonem
706 1980 772 2017 cum
786 1959 908 2021 Platone
919 1960 1003 2018 scho-

222 2055 262 2109 las
274 2055 303 2108 in
315 2050 472 2110 Academia
488 2047 619 2105 habuisse
634 2047 823 2106 demonstrari
832 2068 892 2106 non
903 2063 1006 2125 potest.

222 2145 322 2214 ltaque
336 2139 424 2195 verba
444 2134 554 2216 Βρύσων
571 2137 586 2193 θ
605 2137 741 2210 conjunxi
764 2157 828 2193 cum
850 2139 951 2194 ceteris
969 2138 1007 2194 ad

223 2248 313 2285 unum
334 2227 516 2283 vocabulum.
540 2226 584 2282 De
607 2226 732 2291 Bmonc
752 2225 937 2296 Heracleote,
961 2228 1007 2282 cui
1032 2160 1035 2279 λ

1032 2290 1035 2317 ί

223 2318 344 2373 multum
359 2315 465 2372 debere
483 2310 630 2372 Platonem
644 2314 732 2371 tradit
748 2315 951 2390 Theopompus
961 2334 1007 2390 ap.

224 2406 325 2462 Athen.
346 2422 390 2472 ιι,
403 2421 433 2477 p.
456 2401 531 2472 508,
545 2404 578 2472 (ἕ,
596 2421 625 2462 ν.
642 2402 679 2458 ed
698 2404 727 2461 h.
750 2404 770 2462 l.
794 2405 951 2480 Schweigb.
966 2406 1009 2460 De

227 2490 431 2567 Thrasymaclri
450 2489 619 2563 disputamis
646 2491 810 2561 insolentia,
838 2508 923 2565 quum
942 2511 1008 2567 per·
1034 2508 1037 2561 t

224 2580 337 2654 stringit
345 2578 542 2653 Eph.,u0tum
551 2577 835 2635 estCononisdictum
844 2576 1008 2656 Θρασύμαχ·
1033 2586 1037 2645 l

225 2668 325 2742 (mulge
339 2659 530 2741 θρασύμαχος.
542 2663 643 2737 Both.)
657 2662 698 2720 ἀιλ
709 2662 878 2744 θρασύμαχος
892 2654 925 2737 τί,
940 2669 1007 2725 Ari·
1034 2654 1036 2729 ί

225 2765 291 2810 stot.
306 2753 392 2810 Rhet.
403 2770 432 2827 a,
445 2750 493 2810 23.
508 2752 550 2809 Cl.
566 2753 647 2808 Plato
662 2755 706 2809 De
720 2770 783 2828 rep.
805 2772 832 2826 1,
845 2771 874 2827 p.
891 2753 959 2824 415,
973 2754 1007 2824 C,
1033 2736 1037 2807 l

226 2853 254 2897 ct
263 2839 399 2899 Aristides
411 2858 440 2912 a,
450 2857 480 2913 p.
494 2838 547 2895 381
557 2838 684 2896 Dindv.
698 2851 769 2895 roet
786 2859 817 2896 ιι
830 2840 897 2896 libri
905 2839 1008 2919 λιψιγο·
1034 2810 1037 2887 ί

726 501 865 561 unnim
887 480 1096 561 commate
1118 501 1318 575 arctoum.

1119 629 1226 703 ίίπειτ’
1243 635 1373 712 ἀναστὰς
1388 638 1528 728 εὔστοχος
1543 637 1657 712 νεανίας

1117 753 1178 808 τῶν
1193 742 1226 824 ἐξ
1240 738 1434 834 λκαδημείας
1448 768 1495 819 τις
1510 745 1770 817 ύποπλατόινικος

1122 846 1690 941 Βρυσωνοθρασυμαχειοληψικερμάτων
1723 844 1837 937 (fort.

1681 991 1732 1003 -
1748 953 1817 1034 ἅτε
1827 972 1837 1041 ,ι

1120 1059 1245 1151 πληγεὶς
1261 1060 1378 1152 ἀνάγκη
1389 1111 1398 1140 ,
1411 1057 1669 1153 ληψιλογομίσθῳ
1682 1062 1775 1152 τέχνη

1075 1164 1095 1235 5
1121 1170 1214 1232 omnir
1230 1192 1295 1249 τις,
1318 1170 1372 1232 οὐκ
1386 1164 1525 1234 ἄσκεπτα
1544 1160 1709 1258 δυνάμενος
1718 1170 1838 1259 λέγειν,

1122 1271 1151 1339 εὖ
1167 1273 1219 1363 μὲν
1233 1271 1367 1366 μαχαίρᾳ
1384 1265 1466 1349 ξύστ’
1479 1274 1560 1363 ἔχων
1576 1274 1779 1365 τριχώματα,

1028 1416 1030 1429 ·
1122 1375 1151 1444 εὖ
1166 1372 1196 1445 δ’
1211 1378 1381 1454 ὑποκαθιεὶς
1391 1374 1493 1470 ἄτομα
1506 1381 1653 1470 πώγωνος
1669 1377 1760 1461 biit,

1122 1484 1153 1550 εύ
1172 1476 1202 1549 δ’
1230 1488 1260 1550 ἐν
1284 1477 1404 1567 πεδιλῳ
1428 1477 1512 1551 πόδα
1544 1482 1637 1560 τιθεὶς
1664 1484 1722 1548 ὑπὸ
1750 1478 1843 1573 ξυρὸν

1595 1586 1609 1679 ί
1620 1588 1725 1681 δίυθόν
1734 1587 1749 1654 ?
1758 1586 1787 1677 b

1122 1700 1238 1790 κνήμης
1255 1696 1389 1789 ἰμοίντων
1405 1696 1570 1789 ἰσομέτροις
1587 1696 1764 1789 ἑλίγμασιν,

1057 1825 1098 1871 ιο
1122 1804 1206 1896 ὄγκῳ
1220 1828 1254 1869 τε
1268 1796 1412 1892 χλανίδος
1427 1797 1458 1867 εὖ
1472 1802 1746 1893 τεθωρακισμένος,

1125 1907 1222 1999 σχῆμ’
1240 1902 1402 2000 ἀξιόχρεων
1417 1905 1567 1982 ἐπικαθεὶς
1581 1906 1731 1997 βακτηρία

1032 2030 1034 2055 ·
1123 2014 1294 2108 ἀλλότριον,
1311 2018 1364 2080 οὐκ
1378 2014 1499 2091 οἰκεῖον,
1510 2017 1550 2089 ὡς
1566 2013 1636 2104 ἐμοὶ
1652 2006 1753 2093 δοκεῖ,

1127 2116 1228 2199 ἔλεξεν
1249 2150 1267 2185 α
1284 2110 1392 2213 λνδρες
1406 2130 1461 2197 τῆς
1477 2115 1632 2191 λθηναίων
1648 2118 1761 2209 χθονός.
1782 2142 1801 2175 υ

1090 2250 1158 2308 Post
1169 2249 1186 2305 8
1198 2267 1312 2306 remum
1324 2248 1461 2305 excidisse
1479 2246 1601 2320 conjicit
1615 2247 1770 2315 Dobraeus,
1792 2265 1846 2302 cu·

1050 2318 1097 2414 jus
1110 2339 1279 2397 senteutiam
1298 2336 1437 2394 indicavit
1451 2336 1546 2393 verbis
1564 2325 1594 2393 td
1610 2334 1639 2393 il
1651 2334 1844 2413 περιδώμενος

1060 2426 1149 2506 ‘pipin
1161 2429 1231 2500 Quae
1242 2442 1310 2482 vera
1321 2443 1379 2481 esse
1392 2444 1451 2482 noa
1463 2425 1574 2483 dubito.
1588 2449 1602 2473 ι
1615 2424 1707 2482 Mein.

1177 2588 1230 2648 tx.
1247 2588 1384 2649 ottotot
1408 2585 1718 2659 absentaverat.

1431 2738 1443 2774 1

1096 2800 1847 2901 semepes9m2aam'rtmatinpt

101 2963 105 2970 .
227 2928 314 3008 μίσος,
322 2929 368 2986 η]
384 2925 567 3007 ληψςρομίσθῳ
581 2924 1008 3009 τίχγρφληψςρημςώωςέχςη,
1034 2917 1092 2996 ἒτῷ
1106 2915 1178 2994 αὐτῷ
1190 2913 1460 2994 ποιητῇψριιεσεεείε
1471 2912 1596 2989 Ephippi
1611 2913 1714 2988 ecloga
1725 2930 1761 2968 ex
1776 2911 1843 3016 Plri—
1950 2952 1951 2984 ,

226 3015 369 3089 συνόντος,
383 3015 438 3074 οὐκ
450 3016 577 3072 Adamas
593 3017 699 3090 altique
711 3016 936 3095 ληψιλογομίσθῳ,
955 3026 1008 3095 At,
1034 3051 1037 3080 :
1055 3004 1132 3079 lyra)
1147 3004 1173 3060 tv
1183 3002 1236 3068 τοῖς
1247 2998 1444 3080 ’θύελωρόροιι
1457 2997 1605 3072 νεανίσκοι,
1617 3020 1845 3079 wemmam·

227 3125 290 3181 quae
302 3107 337 3162 sit
348 3122 393 3164 ars
402 3107 453 3164 ista
463 3101 549 3182 ὀλίγον
564 3102 656 3180 μισθὸν
669 3103 859 3181 λαμύόνουσα,
872 3126 932 3164 nou
945 3126 1010 3183 per·
1035 3089 1038 3192 ψ
1055 3088 1160 3146 ἅπαντα
1171 3087 1205 3147 τὰ
1219 3086 1279 3168 πφδ
1288 3085 1335 3160 rip
1346 3086 1473 3168 maier,
1483 3087 1529 3146 καὶ
1538 3087 1623 3166 λέγων
1634 3078 1702 3146 ὧδε·

227 3199 328 3273 spicio.
342 3198 448 3272 Scripsi
461 3198 550 3272 igitur
560 3192 774 3276 ληψιλογομίσθῳ
791 3193 887 3273 τίχνῃ,
904 3215 962 3271 quo
980 3199 1010 3254 id
1035 3205 1038 3288 γ’

226 3289 319 3362 ipsum
330 3284 517 3361 significatur,
535 3282 616 3358 quod
629 3283 696 3342 Ath.
716 3283 794 3341 hisce
815 3283 1011 3342 demonstrare

229 3374 336 3442 uoluit,
362 3371 527 3428 Platonicos
548 3371 735 3446 philosophos
760 3373 796 3436 ως
820 3371 864 3427 ίπ·
894 3372 1012 3453 ἀργυρίῳ

229 3460 410 3537 συκοφαντεῖν.
435 3460 492 3532 (At
517 3461 630 3515 cuinam
655 3461 768 3534 placeat
797 3460 1011 3539 ληψιλογομίσθῳ

228 3549 321 3601 statim
342 3548 450 3602 illatum
471 3558 538 3621 post
565 3546 805 3624 -ληψιιιερμοίτωνῖ
831 3550 931 3625 Both.)
957 3551 1011 3608 Mi·

230 3636 306 3706 σθοο,
316 3640 423 3707 piractio,
435 3644 468 3688 ut
481 3631 595 3691 ἀποίνων
609 3636 694 3694 iliad.
711 3655 758 3705 11,
775 3636 846 3705 106,
858 3649 912 3697 etc.
925 3643 957 3694 V.
976 3659 1011 3695 ra

229 3718 388 3796 ἀλλότριον,
399 3720 446 3775 οὒκ
469 3720 530 3790 οἰκ,
544 3723 709 3777 simulatam·
725 3727 890 3797 gravitatem
906 3745 1010 3782 assum·
1036 3721 1039 3852 ψ

229 3811 314 3882 lusisse
330 3808 435 3864 dicitur
453 3809 502 3864 ille
515 3809 742 3866 adolescentulus
762 3823 868 3867 orator.
890 3838 903 3860 ι
920 3817 944 3869 E
964 3819 1009 3875 M.
1037 3860 1039 3863 <

229 3899 367 3954 Allectate
389 3896 506 3971 quidem
529 3898 617 3952 borno
641 3918 647 3952 ι
672 3895 776 3975 Ἄνδρες
798 3904 844 3968 τῆς
871 3899 924 3959 Ἀθ,
951 3908 1010 3980 χο,
1036 3879 1039 3944 ί

230 4006 284 4062 pro
300 3987 403 4041 usitato
416 3980 522 4059 Ἄνδρες
535 3981 675 4053 Ἀθηναῖοι.
1037 4051 1039 4060 ¹

272 4078 336 4130 llaec
351 4076 438 4148 igitur
453 4075 482 4129 in
496 4074 577 4128 libris
590 4085 633 4129 est
648 4077 733 4130 serios
748 4094 879 4132 versuum
895 4079 1012 4135 leniusa
1036 4107 1041 4200 γ

230 4164 373 4219 ,λίοίιιελίο
385 4173 583 4218 correctorum
603 4182 609 4216 ε

1036 3677 1038 3686 ι

1036 3689 1039 3718 l

503 4332 738 4390 NAUFRAGUS.

283 4416 389 4473 Deinde
399 4433 546 4490 exsurgens
554 4418 664 4490 juvenis
678 4419 788 4490 ingenio
800 4421 908 4488 valens,

283 4512 401 4560 sectator
416 4519 448 4560 er
462 4504 609 4561 Academia
624 4506 746 4562 Platonis
760 4516 808 4562 aut

281 4590 408 4662 brysonis
419 4588 816 4665 inlmgileraudacilucripetae,

281 4676 412 4732 subactus
427 4678 493 4732 artis
507 4677 532 4733 si
546 4678 808 4751 tenuiverbaucupe.

246 4772 263 4820 a
281 4765 327 4837 qui
343 4765 529 4837 praemeditata
542 4774 634 4836 posset
647 4767 675 4822 in
688 4776 762 4823 cmm
776 4768 867 4840 loqui,

282 4867 379 4919 gerens
391 4850 531 4909 novaculae
544 4852 602 4907 acle
613 4851 738 4908 derasam
751 4869 875 4920 οοιιιιιιι,

282 4944 352 4995 recte
367 4940 529 5010 promittens
544 4938 636 4998 barbae
647 4941 860 5012 longitudinem,

203 5071 208 5082 .
282 5027 349 5082 bene
361 5026 454 5082 subter
468 5027 554 5082 linum
567 5027 643 5084 tibin
657 5029 846 5101 ligenspedem
1037 5037 1040 5110 ψ

281 5113 372 5170 udone
381 5112 572 5184 vinctum‚tum
586 5114 695 5185 palliolo
707 5117 842 5173 tumiduio

231 5209 265 5261 tt)
282 5208 309 5257 et
323 5201 413 5257 tunica
428 5201 574 5272 aeqotpttce
587 5202 716 5260 loricatus
727 5205 859 5276 approbo,

280 5296 435 5344 sustentans
450 5288 545 5344 baculo
557 5290 725 5361 majestatem
741 5292 874 5362 corporis.

281 5375 360 5430 rerba
376 5375 435 5430 lucc
447 5391 501 5430 non
515 5376 596 5431 credo
608 5392 666 5431 sua.
680 5377 726 5430 sect
739 5376 886 5448 adoption,

1180 3230 1260 3273 -α,
1276 3200 1352 3272 Ᾰλλ’
1369 3204 1514 3297 ἀγόρασον
1526 3209 1665 3282 εὐτελῶς·

1131 3311 1253 3376 ἅπαντα
1273 3310 1330 3401 γοίρ
1356 3313 1441 3376 ἐστιν
1466 3311 1566 3378 ἱκανοί.
1593 3313 1625 3395 β
1643 3304 1742 3402 Φρίζε
1761 3302 1803 3392 δ’,
1825 3307 1845 3381 ai

1753 3440 1838 3480 ποτε.

1130 3547 1161 3585 α.
1180 3521 1235 3595 Μὴ
1250 3527 1446 3602 πολυτελῶς,
1468 3517 1550 3587 ἀλλὰ
1571 3520 1754 3614 καθαρείως,
1776 3524 1842 3585 ὅτι

1751 3621 1816 3697 itui.
1830 3677 1840 3708 ,

1132 3731 1213 3808 ὁσίας
1228 3732 1322 3798 ἕνεκ’·
1341 3734 1427 3824 α’ρκεῖ
1437 3728 1541 3813 τεύθί,
1556 3729 1576 3804 ἢ
1594 3722 1739 3802 σηπίδια·

1086 3832 1105 3902 5
1132 3833 1188 3902 κᾶν
1204 3832 1331 3930 κοίραύός
1347 3863 1394 3915 τις
1405 3836 1429 3928 ᾖ
1439 3832 1558 3918 teitu,
1573 3834 1616 3913 εἷς
1631 3837 1746 3927 ἀρκέσει

1037 3979 1039 3987 ’
1132 3939 1206 4017 ild
1217 3944 1267 4011 ἐπὶ
1281 3950 1337 4018 τὴν
1348 3938 1508 4036 τράπεζαν.
1525 3935 1701 4036 Ιῖγχελύδια

1133 4045 1234 4126 Θτῖύης
1254 4050 1306 4141 μὲν
1321 4046 1409 4115 ἐνίοτ’
1418 4051 1548 4142 ἔρχεται·
1564 4051 1682 4113 τούτων
1696 4040 1786 4130 tait,

1136 4157 1360 4247 ἀλεκτρυόνιον,
1377 4154 1525 4246 ροίττιον,
1544 4145 1712 4245 περδίκιον,

1113 4341 1194 4413 coepit
1206 4340 1306 4412 profari
1323 4357 1330 4394 :
1346 4363 1358 4388 ι
1377 4339 1455 4397 Cives
1468 4354 1486 4395 o
1499 4347 1580 4395 εει-τω
1592 4338 1702 4394 Atticm.
1719 4359 1731 4383 ·
1744 4425 1766 4481 G

1692 4428 1727 4481 ll.
1770 4440 1835 4479 rur.

1168 4567 1310 4623 sttttLEs
1328 4566 1369 4623 vel
1393 4568 1521 4623 VERUA
1539 4568 1736 4621 reuertit-”s

1441 4689 1463 4735 l.

1146 4815 1182 4826 -
1193 4802 1218 4841 a.
1233 4783 1286 4841 Sed
1296 4800 1358 4842 eme
1369 4800 1451 4857 parvo
1461 4785 1568 4856 pretio:

1113 4871 1175 4911 nam
1187 4858 1278 4911 omnia
1290 4856 1464 4911 conveniunt
1481 4854 1506 4909 b.
1521 4852 1677 4924 Dirigitur,
1691 4849 1832 4924 quomodo.

1113 4958 1138 4996 a.
1153 4943 1194 4996 Ne
1207 4948 1380 5012 sumptuose,
1391 4956 1485 4996 νεειιιιι
1495 4939 1626 5004 ίιοιιεείο,
1641 4936 1769 5010 quidotrid
1781 4945 1832 5000 ert,

1112 5037 1141 5085 ct
1152 5029 1280 5100 legitime.
1292 5028 1439 5084 Sulllciunt
1453 5027 1600 5099 loliginum,
1613 5027 1655 5082 rel
1664 5026 1779 5098 εερίοίας

1037 5133 1040 5176 t
1078 5123 1094 5171 5
1113 5125 1137 5171 et
1147 5115 1259 5172 carabus
1268 5116 1290 5172 si
1305 5115 1457 5171 vendisset
1467 5130 1559 5182 ,uuus
1570 5113 1637 5169 satis
1648 5114 1700 5169 erit
1720 5161 1723 5167 ,

1038 5211 1040 5299 ξ
1114 5203 1155 5260 vel
1169 5203 1224 5259 duo
1237 5203 1272 5258 ad
1284 5218 1400 5260 emnam
1418 5200 1587 5273 Anguillulae

1114 5289 1270 5345 'l'ltebarum
1282 5288 1418 5344 interdum
1432 5289 1544 5343 veniunt
1556 5305 1562 5339 :
1581 5285 1677 5342 barum
1689 5298 1772 5338 ειιιιιε.

1038 5359 1041 5394 ³
1113 5378 1282 5450 gallinulam,
1298 5376 1502 5449 patarinum,
1514 5372 1651 5446 perdicem
1665 5384 1771 5443 ςιοτιειιι,
