3917 5950
267 515 327 568 tas

338 643 366 708 Τ
367 640 401 718 δις
407 645 492 733 ὀφρῦς
504 637 612 731 πυρρδις
626 639 690 732 ἔχει
705 664 767 714 rte*
779 632 1051 808 ζωγραφοῦσιςνρίσ·

1014 768 1050 807 ω.

338 845 508 943 &pitius
520 843 595 915 eluas
605 850 749 940 μέλαιναν
760 871 768 886 ·
779 849 953 914 κατίπλασε
962 768 1055 938 ‹leiu-

982 953 1049 1037 θίιρ.

338 1062 511 1153 Λευκόγρως
526 1060 594 1126 λίαν
610 1059 657 1136 τίς
672 1062 752 1125 ἐστι·
772 1052 938 1150 παιδέρωτ’
960 1060 1055 1151 ίντρί·

951 1158 1049 1229 derat.

340 1272 442 1337 Καλὸν
457 1272 519 1363 ἔχει
535 1278 589 1335 τοῦ
605 1270 745 1362 σώματός
760 1291 808 1335 τι·
832 1277 923 1336 τοῦτο
941 1269 1053 1360 γυμνὸν

835 1381 838 1386 ’
887 1363 1050 1439 δείκνυται·

268 1503 312 1551 20
340 1485 450 1574 εὐφυεῖς
460 1474 586 1560 ὀδόντας
596 1475 740 1573 {exuuii
750 1469 1052 1573 οἱνιίγκηςδεῖγελοῖν,

338 1591 387 1655 ίνα
403 1586 527 1681 θεωρῶό
541 1590 570 1655 οἱ
586 1588 726 1681 παρόντες
745 1587 780 1651 τδ
798 1586 902 1678 στόμ’,
919 1593 957 1662 ὡς
973 1613 1051 1678 κορι-

889 1689 943 1779 pta
958 1701 1049 1785 popei·

339 1797 374 1867 διν
385 1796 419 1867 δὲ
432 1804 472 1892 μὴ
482 1801 572 1892 χαίρῃ
587 1805 722 1888 γελῶσα,
733 1789 931 1872 διατελεῖτῆν
941 1803 1052 1891 ἡμέραν

338 1901 441 1986 ἔνδον,
459 1911 559 1997 ὥσπερ
576 1913 640 1983 τοῖς
663 1905 815 1997 μαγείροις
840 1902 875 1970 διν
900 1903 1052 1998 παράκειθ’

882 2013 1049 2096 ἑκάστοτε,

341 2117 414 2194 ἡνίκ’
430 2115 466 2184 όιν
480 2125 623 2186 πωλῶσιν
638 2120 732 2210 αίγῶν
746 2117 868 2208 κρανία,
883 2118 1038 2209 ξυλήφιον,

267 2222 310 2294 25
339 2225 474 2317 μυρρίνης
491 2227 601 2315 ἔχουσα
615 2225 729 2290 λεπτὸν
751 2223 842 2315 όσχον
859 2226 888 2290 ἐν
908 2232 972 2300 τοῖς
987 2226 1052 2314 χεί-

955 2335 1050 2410 λεσιν,

338 2441 416 2501 ὥστε
432 2443 470 2526 τῇ
486 2441 585 2526 χρειοῖ
598 2436 728 2524 σέσηρεν,
752 2430 786 2498 οἷν
806 2459 840 2500 τε
859 2431 995 2518 βουλητ’,
1013 2433 1063 2502 οἷν.

945 2564 980 2605 τε
995 2544 1047 2631 μοί.

265 2723 277 2747 ι
293 2700 375 2773 Haec,
387 2699 491 2753 omisso
502 2697 619 2753 nomine
630 2696 750 2768 fabulae,
767 2700 834 2753 item
847 2701 970 2754 serravit
984 2702 1048 2757 Cle-

264 2803 344 2841 mem
364 2786 445 2842 Alex.
461 2781 536 2842 Paed.
558 2784 587 2854 3,
611 2803 644 2853 ²3
663 2787 825 2860 germanice
838 2788 940 2857 vertit,
957 2807 1051 2862 neque

264 2876 445 2952 ineleganter,
461 2874 610 2930 Jacobsius
627 2875 658 2929 iu
671 2874 843 2933 Commentt.
861 2876 896 2932 ad
915 2878 1048 2950 antiquit.

263 2963 492 3040 pertinentibus,
505 2983 535 3038 p.
553 2961 621 3035 327.
636 2988 648 3013 ν
663 2964 688 3018 Ε
701 2964 744 3023 Μ,
758 2966 847 3020 Versu
868 2985 879 3020 1
895 2967 935 3021 ita
945 2967 1048 3037 Clem.;

264 3054 436 3109 inconcinne
443 3051 510 3109 Atb.
522 3051 634 3126 τριῖιτον.
649 3051 760 3108 Ibidem
772 3053 862 3110 Clem.
874 3053 898 3117 ἐς
911 3052 941 3109 τὸ
950 3051 1048 3125 κέρδος.

263 3129 301 3191 V.
319 3150 337 3189 a
353 3131 460 3206 αὐτοῖς,
472 3134 500 3188 h.
513 3152 538 3191 e.
550 3136 756 3193 meretricibus.
770 3138 850 3192 Libri
865 3140 956 3193 minus
970 3141 1044 3195 bene

263 3214 301 3294 δδ,
313 3221 393 3294 quod
411 3224 549 3295 sequitur.
563 3226 596 3282 V.
611 3222 627 3278 5
647 3223 699 3282 iid.
715 3226 867 3300 ineleganti
885 3229 1044 3285 homoeote-

265 3316 342 3372 leuto
359 3312 426 3373 ὥστε
436 3313 503 3389 μήτε
512 3312 569 3380 τοὺς
577 3337 617 3392 τρ.
629 3319 661 3372 V.
672 3316 690 3371 6
701 3315 767 3375 cod.
777 3316 798 3372 B
808 3315 951 3391 duciae.V.
964 3318 982 3375 8
995 3321 1050 3373 Ευ·

264 3404 397 3473 stathius,
410 3404 460 3477 qui
470 3404 555 3459 etiam
564 3420 675 3458 versum
687 3422 702 3474 7
718 3402 817 3470 ailert,
830 3424 861 3478 p.
883 3403 975 3474 1522,
994 3426 1028 3461 ιο
1042 3423 1049 3464 :

265 3490 405 3568 διείόαθρον
412 3496 558 3567 γυναικεῖον
568 3488 685 3568 φόρημα,
695 3491 730 3555 ὡς
740 3489 769 3546 τὸ
780 3516 792 3540 ι
806 3489 946 3570 διάόαθρον
955 3493 1051 3551 λεπτὸν

265 3583 346 3655 popei.
358 3601 369 3627 ν
379 3580 413 3635 V.
427 3597 456 3632 ιι
468 3579 554 3652 vulgo
566 3575 766 3657 ὑπινίδυσ’ίρρ.
775 3581 808 3635 V.
824 3599 858 3635 ra
872 3578 972 3645 ἰδόντας
981 3584 1047 3643 Ath.

265 3666 414 3722 Clementis
426 3665 473 3720 ed.
491 3666 619 3723 Floreat.
636 3664 771 3730 εἰσιόντας.
787 3668 918 3743 Sylburg.
930 3668 967 3725 ad
982 3669 1051 3728 Cle-

264 3763 388 3810 mentem
400 3763 428 3808 et
438 3752 522 3810 Grot.
535 3754 668 3829 Excerpt.
678 3773 709 3829 p.
723 3752 777 3825 571
793 3752 944 3820 εἰσιδόντας.
958 3752 1050 3833 ‘Aspis

265 3843 397 3898 omissum
411 3842 487 3916 apud
499 3840 565 3900 Ath.
579 3842 613 3898 V.
635 3842 668 3899 13
683 3867 694 3891 ι
713 3840 822 3912 eradio,
835 3862 897 3917 quae
910 3846 1051 3902 Lucienus

784 501 922 562 MEDlAE
943 501 1151 562 COAlOEDlAE
1173 505 1376 577 RELlQUlAE.

1102 647 1131 691 et
1144 654 1169 691 ν.
1184 635 1218 691 15
1234 634 1379 712 ἀπήγαγεν.
1396 638 1481 695 Mein.
1499 658 1564 695 cum
1577 642 1656 713 Sylb.
1672 640 1809 710 τσόνδιιτον,
1821 647 1861 701 ub

1100 741 1191 779 sture.
1201 728 1234 782 V.
1260 722 1294 780 ιδ
1312 723 1378 780 libri
1401 728 1514 782 κοντοῖσι
1533 727 1647 798 τούτοις,
1661 731 1744 804 quod
1764 734 1860 788 conen.

1101 811 1191 869 Dobr.
1204 830 1212 869 ι
1224 836 1238 862 ι
1248 815 1351 868 Venter
1361 812 1514 869 adducitur
1524 816 1575 888 ita,
1588 826 1620 870 ut
1632 836 1759 891 superne
1769 830 1860 888 tumeat,

1100 916 1161 971 quo
1169 901 1470 960 masnmosarideatur.
1482 927 1494 952 ι
1504 902 1542 962 V.
1556 906 1669 977 19Att1.
1680 907 1748 961 libri
1758 910 1860 963 nonnulli

1100 982 1169 1041 τοῦτ’
1177 985 1241 1043 αὐτὸ
1249 990 1294 1043 vel
1302 986 1393 1045 ταύτό.
1409 990 1497 1047 Clem.
1512 988 1674 1052 δεικνύειν.
1687 1014 1721 1050 ur
1741 995 1801 1053 Ath.
1811 1000 1860 1052 leo

1101 1073 1181 1146 ροῖιν.
1194 1078 1228 1133 V.
1242 1094 1278 1131 au
1292 1078 1358 1135 Atb.
1373 1076 1415 1134 nt
1429 1076 1529 1141 silone.
1543 1082 1647 1136 Versus
1662 1082 1699 1137 23
1712 1093 1741 1137 et
1751 1091 1782 1148 us
1796 1088 1860 1138 onit-

1101 1163 1136 1216 tit
1155 1163 1242 1222 Clem.
1258 1165 1339 1220 Libri
1353 1166 1454 1224 Athen.
1467 1185 1617 1241 perperam
1636 1166 1655 1224 δ
1673 1168 1812 1247 παράκειθ’.
1825 1174 1861 1227 tsi

1100 1249 1156 1304 boc
1171 1250 1240 1306 illud
1252 1248 1296 1319 δν,
1317 1253 1397 1325 quod
1415 1255 1500 1310 etiam
1513 1273 1539 1310 ν.
1556 1254 1573 1309 5
1592 1266 1621 1310 et
1639 1257 1710 1311 alias
1725 1277 1781 1313 nou
1794 1263 1859 1314 semel

1101 1338 1279 1408 immisimus,
1293 1359 1309 1395 ε
1331 1341 1452 1397 librariis
1468 1344 1614 1417 elegantiae
1628 1346 1775 1401 incuriosis
1787 1350 1860 1422 aegla

1101 1435 1190 1483 ctum.
1209 1428 1243 1483 V.
1264 1425 1300 1481 οὗ
1321 1430 1420 1486 Athen.
1436 1427 1536 1506 ἔχουσι.
1548 1432 1662 1487 Deinde
1680 1434 1746 1488 libri
1764 1438 1860 1508 pessime

1100 1513 1184 1590 ὀρθόν.
1195 1516 1299 1591 Scripsi
1314 1513 1404 1594 ότχον,
1417 1517 1506 1574 literis
1521 1540 1535 1594 ρ
1547 1531 1576 1575 et
1588 1541 1604 1576 σ
1616 1521 1755 1592 construis,
1767 1534 1795 1578 ut
1804 1543 1827 1581 τ.
1838 1545 1857 1580 c.

1100 1604 1203 1661 Athen.
1221 1621 1252 1677 p.
1278 1603 1352 1679 593,
1366 1608 1388 1662 1²
1404 1604 1592 1681 (Ἰσοόιιλλίων
1605 1611 1681 1665 male
1697 1630 1750 1685 pro
1767 1609 1857 1688 Ἰροό.),

1100 1697 1114 1748 θ
1129 1702 1170 1746 est
1184 1713 1219 1768 χ,
1235 1703 1268 1746 ut
1281 1694 1347 1750 Ath.
1369 1713 1399 1768 p.
1415 1693 1490 1765 675,
1507 1697 1540 1764 F,
1557 1696 1606 1751 ubi
1620 1716 1675 1771 pro
1690 1697 1768 1768 ἄνθην
1781 1703 1860 1774 legem

1100 1778 1168 1834 dum
1179 1791 1220 1834 est
1232 1778 1328 1855 ἀρχὴν,
1342 1793 1399 1840 etc.
1410 1785 1443 1839 V.
1454 1783 1492 1838 26
1502 1784 1534 1858 τῇ
1546 1787 1632 1858 χρειοῖ
1640 1787 1749 1860 scripsi,
1761 1799 1859 1841 necessi·

1100 1879 1215 1941 tate,ut
1227 1865 1253 1933 ἐξ
1267 1866 1383 1942 ἀνάγκη(
1393 1889 1421 1925 ν.
1438 1888 1488 1929 uo.
1508 1871 1601 1929 codd.
1615 1874 1712 1948 inepte
1727 1876 1763 1948 τῷ
1779 1895 1857 1950 lpum

1101 1955 1203 2011 Athen.
1221 1953 1370 2032 σισηρίναι.
1390 1953 1516 2033 Σίτηριν,
1536 1960 1653 2017 renidet.
1670 1961 1790 2016 Catullus
1805 1964 1856 2035 39:

1099 2043 1267 2116 Egnatius...
1281 2047 1430 2102 renidet
1442 2063 1653 2121 usquequaque,
1674 2059 1730 2105 ete.
1743 2050 1776 2104 ci
1789 2053 1857 2106 Arist.

1100 2136 1181 2206 Vesp.
1195 2132 1263 2203 867,
1274 2133 1324 2188 ubi
1334 2135 1422 2191 schol.
1432 2133 1563 2212 σεσηρόιςι
1576 2137 1600 2192 οἱ
1611 2134 1742 2214 γδριιόνες
1750 2136 1811 2211 μετὰ
1823 2143 1858 2194 τοί

1100 2220 1200 2295 (vulgo
1214 2219 1257 2294 τὸ)
1281 2228 1373 2300 papeia
1389 2221 1541 2301 σισήρασιν.
1565 2228 1601 2281 Ιιι
1622 2228 1689 2283 Ρατ.
1710 2226 1764 2297 387
1777 2225 1858 2304 salpen

1099 2319 1141 2364 est
1155 2315 1286 2381 ringere,
1302 2321 1334 2365 ut
1349 2313 1441 2367 solent
1453 2331 1536 2369 canes
1545 2315 1716 2372 exacerbati.

1139 2398 1205 2452 Post
1214 2399 1273 2454 haec
1287 2401 1354 2456 Ath.
1370 2420 1376 2456 :
1391 2398 1461 2477 όψεις
1473 2398 1516 2457 δεδι
1526 2400 1624 2458 τούτων
1636 2406 1807 2460 σκευοποιοῦσι
1818 2406 1859 2458 nis

1098 2485 1209 2561 τεχνῶν·
1231 2485 1271 2542 διδ
1285 2484 1457 2559 συμόουλεόιο
1475 2509 1531 2558 σοι,
1547 2488 1668 2546 Θετταλὲ
1686 2489 1857 2567 ποικιλόδιρρε,

1099 2570 1145 2636 τὰς
1159 2569 1203 2629 tal
1217 2575 1269 2629 τῶν
1283 2574 1435 2650 οἰκημάτων
1456 2575 1636 2646 οίσποίζεσδαι,
1654 2590 1706 2634 etc.
1726 2578 1859 2648 Errarunt,

1099 2662 1149 2735 qui
1163 2663 1210 2718 illa
1222 2659 1294 2741 όψεις
1306 2666 1428 2741 -τεχνῶν
1441 2684 1496 2740 pro
1510 2668 1634 2723 Alexidis
1645 2687 1724 2723 versu
1735 2680 1859 2742 postremo
1924 2677 1925 2708 l

1095 2749 1265 2810 habuerunt.

1475 2901 1502 2940 2.

1137 3021 1215 3076 Idem
1235 3028 1262 3089 4,
1277 3040 1307 3096 p.
1326 3023 1391 3093 134,
1412 3026 1433 3079 C
1455 3021 1533 3082 z'At.
1549 3022 1571 3080 δ’
1585 3026 1612 3081 ἐν
1627 3027 1664 3102 τῷ
1680 3025 1857 3105 ἕπιγρτροριὲνρ

1097 3105 1258 3166 Ἰσοστάσιόν
1271 3130 1348 3187 paen

1146 3260 1212 3331 Ᾰπὸ
1229 3260 1387 3357 cupiatur
1402 3268 1516 3348 ἔπινον,
1529 3268 1681 3359 ὀρχεῖσθαι
1695 3269 1776 3358 μόνον

1146 3374 1325 3456 βλέποντες,
1342 3368 1420 3437 ἄλλο
1437 3365 1456 3437 δ
1460 3368 1468 3390 ’
1482 3368 1578 3455 οὐδὲν,
1592 3371 1672 3462 delator
1686 3376 1808 3465 ὀνόματι

1143 3476 1195 3540 καὶ
1211 3476 1313 3541 σιτίων
1329 3479 1462 3569 ἔχοντες,
1477 3476 1584 3566 Θόων,
1597 3474 1749 3571 Κοίραίῗος,

1146 3580 1269 3661 Kalaa,
1285 3577 1458 3672 Σεμίδαλις.

1097 3760 1185 3812 Versu
1205 3776 1214 3810 ι
1231 3754 1283 3813 ιἰπδ
1301 3753 1440 3826 συμβολῶν
1452 3754 1550 3835 ἔπινον,
1567 3759 1799 3832 quemadmodum
1820 3758 1856 3813 di-

1097 3854 1165 3899 cunt
1178 3841 1230 3899 ιἰτιδ
1249 3842 1382 3916 συμόολῆς
1405 3843 1526 3900 δειπνεῖν.
1551 3846 1595 3902 cf.
1613 3845 1727 3903 Terent.
1745 3846 1854 3902 huarch.

263 3934 307 3991 De
324 3933 384 3991 salt.
398 3951 434 4002 27
448 3931 518 3986 dicit
537 3927 733 4008 προστερνίδια,
748 3942 780 3986 ut
791 3928 979 4007 προγαστρίδια
999 3933 1052 3987 ibi·
1098 3931 1126 4005 δ,
1144 3938 1172 4004 A,
1190 3951 1217 3988 u.
1233 3935 1265 3989 V.
1278 3939 1294 3997 [ι
1309 3934 1383 3987 male
1401 3932 1467 3986 libri
1482 3931 1527 3987 καὶ
1544 3930 1659 3999 Kassa,
1675 3932 1718 3989 καί
1730 3934 1805 4005 Eun,
1815 3951 1857 3985 acc

264 4020 342 4078 dem.
360 4021 581 4095 Legiturautem
593 4019 680 4095 vulgo
697 4015 779 4087 στηθί’
800 4014 853 4074 ἔστ’
870 4015 1051 4075 sisuinnai-
1096 4031 1171 4075 recte
1186 4020 1222 4090 3,
1239 4040 1272 4095 p.
1294 4040 1357 4091 127,
1379 4022 1421 4078 C:
1440 4020 1601 4094 σεμιδάλεως
1613 4020 1742 4095 μέμνηται
1759 4018 1856 4075 ralhi-

264 4127 331 4177 τωνς
347 4109 396 4165 sed
407 4109 539 4164 meliores
551 4107 636 4164 codd.
653 4108 780 4163 Athenaei
795 4102 896 4176 στήθιις
909 4106 1048 4176 ταυταισὶ,
1095 4109 1122 4163 ἐν
1138 4105 1305 4185 Ἰσοστασίῳ,
1318 4127 1377 4164 non
1395 4128 1515 4178 memor,
1529 4109 1609 4183 Σεμ,
1622 4121 1654 4165 nt
1664 4106 1762 4187 Ὅρων,
1781 4106 1856 4179 Κίρτ-

264 4200 392 4255 Clemens
418 4193 527 4261 τιτθίαις
556 4192 707 4267 ταύταισιν,
732 4197 754 4253 L
779 4197 905 4252 Athenaei
928 4194 1049 4260 τιτθείαις
1094 4192 1593 4266 όος,Ιίῶθος,Ιι.1.1ιοιιιίιιίειιοιιιοη
1604 4199 1854 4266 esse,uthlein.an·

266 4276 404 4360 ffirarsl,
420 4286 498 4342 unde
520 4286 634 4345 Jacobs.
651 4284 762 4343 Additt.
778 4304 809 4359 p.
833 4283 885 4341 301
903 4280 978 4339 τιτθί’
994 4281 1048 4339 ἔστ’
1093 4284 1222 4356 notavit;
1242 4284 1291 4355 qui
1308 4284 1424 4338 retinuit
1437 4285 1638 4340 inconcinnum
1654 4281 1766 4349 Κωόιός,
1781 4298 1856 4354 quum

266 4377 380 4432 αὐταῖσι.
397 4399 410 4423 ν
426 4375 508 4431 ΕΜ.
520 4376 553 4431 V.
574 4381 606 4441 τί
623 4374 690 4432 Atb.
705 4375 859 4449 προσθεῖσαι
869 4376 977 4428 τοιαῦτα
987 4375 1047 4448 γοῦν
1094 4372 1250 4445 Schweigh.
1261 4371 1303 4456 ad·
1313 4371 1377 4427 Ath.
1390 4390 1419 4445 p.
1440 4372 1508 4437 105,
1526 4375 1559 4442 F,
1574 4374 1774 4432 observaverit.
1786 4370 1855 4423 κῶθον

266 4464 349 4521 αὐτῶν
363 4465 410 4532 τῆς
423 4484 460 4530 κ,
471 4463 600 4519 Clemens
611 4462 753 4537 προσθεῖσα
762 4457 960 4517 οὐτοντόνδυτον
969 4481 995 4516 τ.
1005 4481 1045 4530 m,
1093 4470 1122 4515 et
1135 4455 1231 4515 κωόιδν
1242 4459 1384 4514 nonnullis
1396 4460 1518 4516 eundem
1528 4462 1635 4535 piscem
1651 4459 1804 4535 significare.

318 4625 466 4697 supercilia
479 4625 540 4683 ruia
550 4625 632 4681 habet
645 4642 653 4678 t
668 4626 783 4697 pingunt
796 4622 920 4694 iuligine.
1148 4623 1237 4687 intus,
1249 4621 1495 4693 (quemadmodum
1508 4622 1588 4679 laniis
1599 4639 1705 4696 semper
1714 4621 1826 4691 atJaaet.

319 4711 427 4768 Accidit
441 4712 545 4783 nigram
557 4727 616 4767 esse
625 4711 743 4784 aliquam
756 4728 763 4765 :
780 4725 889 4765 cerussa
899 4710 1018 4766 illinunt.
1147 4723 1231 4779 quum
1242 4705 1362 4762 rendunt
1371 4724 1512 4780 caprarum
1520 4711 1618 4781 capita,
1629 4706 1855 4782 parsumligunml

317 4801 404 4857 Nimis
416 4799 476 4856 alba
492 4809 532 4857 est
547 4818 554 4854 :
571 4799 693 4873 pateras
705 4798 856 4855 infricatur.
1095 4801 1128 4849 25
1148 4794 1229 4866 myrti
1242 4800 1352 4848 munem
1366 4809 1471 4851 rantum
1483 4795 1561 4851 labiis
1574 4804 1677 4859 tenens.

319 4885 468 4944 Pttlchmm
488 4886 569 4943 habet
587 4885 689 4959 aliquid
703 4886 824 4958 corporis
845 4904 851 4939 ε
867 4883 919 4941 hoc
940 4882 1047 4940 nudum
1148 4888 1179 4935 ut
1191 4879 1344 4935 necessario
1355 4880 1492 4945 tamdem,
1508 4881 1585 4944 velit,
1599 4882 1673 4937 nolit.

863 4969 1044 5039 [ostenditur.
1473 4990 1489 5040 2

265 5086 299 5135 ro
317 5075 444 5133 Venustis
459 5074 572 5147 prauus
588 5084 628 5133 est
641 5076 768 5134 dentibus
784 5096 790 5129 ε
806 5091 862 5132 nou
875 5083 963 5149 potest
981 5076 1048 5147 quin
1095 5077 1135 5129 De
1148 5073 1278 5146 symbolis
1306 5062 1450 5140 potabant,
1478 5072 1647 5129 saltationem
1660 5070 1732 5126 modo

927 5159 1046 5229 [rideat,
1093 5167 1258 5231 spectantes,
1273 5158 1340 5214 nihil
1357 5157 1445 5224 aliud,
1459 5159 1493 5214 ab
1504 5158 1624 5232 opsoniis

316 5261 346 5307 ut
358 5256 504 5322 presentes
513 5247 660 5304 rideantos
670 5265 751 5320 quam
763 5248 859 5305 haheat
869 5248 1011 5304 decorum.
1094 5247 1267 5319 fragilisque
1278 5247 1410 5303 nominati
1424 5248 1526 5318 Opsou,
1539 5245 1667 5309 Qubus,

317 5340 345 5395 Si
357 5355 409 5409 qua
422 5354 484 5395 vero
499 5352 553 5394 non
568 5336 668 5408 gaudet
681 5337 750 5401 risu,
765 5353 810 5407 per
822 5335 893 5393 diem
905 5335 977 5406 degit
1095 5336 1209 5401 sallitis,
1220 5332 1370 5391 semidalis.
