3917 5950
816 538 952 597 Ptauo,

81 691 144 730 αινα
155 668 187 724 τὰ
198 669 324 747 κεράμια
341 671 359 738 ἢ
382 670 463 749 χήῐνα
484 671 573 729 εἰπεὶν.
589 672 615 727 ἐν
629 673 689 744 γοῦν
704 669 741 746 τῷ
759 670 863 745 Ποιητῇ

84 759 129 816 lll.
146 755 207 836 φησὶ

167 911 214 921 -
226 898 258 936 α.
277 867 437 964 Θαυμάζω
452 874 524 957 τὸν,

126 971 203 1048 τόνδ’
215 973 253 1042 διν
271 980 426 1050 πιθάκνην
442 979 541 1069 πότερ’
556 977 733 1068 ὀστρακίυην

124 1083 139 1155 ἦ
157 1078 266 1166 βίῶον
283 1082 394 1175 ἔχονθ’.
417 1087 446 1168 β.
465 1076 544 1158 tila
558 1085 645 1160 πότις
657 1082 707 1156 ἦν.

83 1214 169 1269 Codex
188 1215 282 1269 Vossii
310 1216 336 1273 θ.
356 1212 400 1270 τδν
419 1211 466 1280 τήν
484 1209 646 1280 δαπιθάκνην
668 1210 728 1268 πότ.
753 1212 826 1287 όστρ.
848 1208 865 1278 ἢ

85 1305 106 1376 β.
119 1298 185 1377 ἔχων
199 1297 249 1370 τὴν
265 1298 377 1369 δήποτε.
391 1301 494 1356 Aldina
509 1304 532 1356 θ.
546 1297 589 1356 τδν
607 1297 655 1368 τήν
672 1298 804 1368 ’πιθάκνην
817 1297 866 1354 πό-

83 1387 240 1465 τεραν,όστρ.
250 1386 343 1464 βίὸλον
356 1386 451 1464 ἔχοντα
464 1387 571 1456 δήποτε.
584 1389 690 1444 Immisi
702 1388 865 1461 colloquen-

83 1489 135 1542 tes,
150 1493 278 1547 quorum
295 1477 387 1532 altero
402 1476 567 1545 dubitante,
583 1488 679 1531 utrum
692 1476 765 1530 calix
784 1477 819 1529 sit
830 1494 866 1530 an

81 1564 146 1618 liber
159 1564 188 1618 id
203 1564 287 1638 quod
301 1566 375 1620 alter
387 1584 473 1620 manu
488 1574 575 1632 tenet,
590 1564 637 1619 hic
651 1563 788 1631 ridicule,
800 1565 866 1618 eali·

80 1671 136 1706 cem
142 1652 347 1726 protendam«
359 1654 426 1708 Haec
435 1653 552 1721 scilicet,
560 1652 666 1725 iuquit,
678 1652 775 1726 potrix
789 1651 866 1724 [non

79 1741 163 1814 liber]
177 1752 230 1799 est.
250 1765 264 1789 ι
281 1729 335 1797 Ἦν
351 1751 521 1815 usurpatum
535 1759 619 1795 sensu
636 1740 734 1794 aoristi
746 1781 756 1811 ,
770 1750 803 1794 ut
816 1758 863 1813 ap.

79 1835 479 1912 Aristophl‘aeisversufflt.
489 1834 862 1911 Mcinek.haecitadigessit:

127 1948 282 2043 Θευμάζιι
296 1978 346 2018 τοι
361 1943 453 2025 τηνδὶ
468 1952 615 2024 πιθάκνην

129 2057 224 2149 πότερ
248 2059 453 2150 οστρακίνηνῆ
473 2052 580 2141 [tillo
598 2060 675 2148 ἔχων

131 2168 186 2235 τήν
199 2158 348 2236 δήποτε...

463 2277 491 2333 3.

114 2385 212 2441 Schol.
239 2386 389 2460 Aristoph.
416 2388 565 2442 Ranartrm
590 2384 683 2459 1159,
713 2382 866 2461 μάκτραν

78 2469 150 2526 εἰδὲ
167 2469 304 2547 βούλει,
320 2471 507 2548 κάρδοπον]
521 2471 626 2550 εἴρηται
640 2474 666 2529 ἐν
682 2470 734 2535 τοῖς
746 2469 867 2549 πρόσθεν,

78 2558 203 2616 ότιτῶτο
218 2559 393 2638 άρχαιότερόν
408 2560 483 2631 ἐστι,
511 2559 540 2617 τδ
561 2557 608 2626 τδς
631 2557 791 2637 μεταλήψεις
814 2562 866 2614 τῶν

79 2644 169 2713 λῗςεινν
181 2648 237 2703 τῶν
249 2647 496 2730 ἰσοδυναμούντων(
503 2652 601 2724 quales
613 2669 698 2706 voces
706 2649 763 2704 hoc
774 2650 793 2703 l.
803 2659 867 2704 sunt

80 2737 161 2812 διὶρες
174 2736 355 2814 σιὺπερῷον)
368 2736 537 2807 ἐπιτηδεύειν.
557 2738 611 2798 Πλ.
629 2738 665 2796 ll.

125 2843 225 2939 ὁρᾶτε
242 2851 280 2916 τδ
295 2842 396 2943 διῆρες
409 2856 550 2943 ὑπερῷον.

86 3005 94 3025 a
110 2979 151 3032 lie
162 2976 268 3055 διῆρες,
284 2979 381 3052 inquit
393 2980 495 3054 Mein,
511 2980 541 3034 in
554 2981 652 3035 ultima
664 2978 766 3035 habeat
781 2981 868 3033 ictum

83 3068 247 3135 metricum,
260 3067 444 3123 inserendum
456 3064 483 3123 δὲ
498 3068 543 3122 vel
553 3088 592 3124 τοι
603 3069 648 3123 vel
662 3068 752 3122 simile
762 3066 840 3140 quid.
853 3092 865 3116 ν

84 3156 167 3228 llagis
179 3155 276 3228 placet
288 3152 351 3231 ‘0p.
374 3152 406 3211 τδ
426 3152 465 3224 δὴ
484 3154 571 3233 διῆρες
585 3158 646 3223 aa„
666 3167 698 3210 ut
717 3174 813 3210 versus
833 3156 870 3210 sit

84 3244 217 3298 iambicus
226 3245 369 3313 marius,
386 3243 461 3318 pede
472 3245 575 3300 ultimo
590 3243 733 3300 deficiens.

436 3366 464 3425 4.
489 3358 518 3414 5.

118 3470 223 3524 Athen.
242 3489 270 3543 9,
289 3490 320 3545 p.
339 3470 413 3540 375,
428 3474 470 3527 B:
490 3472 545 3530 Πλ.
566 3471 593 3528 δὲ
608 3476 622 3529 θ
636 3471 829 3550 κωμῳδιοποιὸς
842 3474 868 3529 ἐν

84 3556 117 3613 ll.
137 3558 282 3634 άρρηνικῶς
297 3556 347 3636 ἔφη
361 3578 376 3612 ιι
388 3555 442 3617 Τδν
452 3557 561 3638 δέλφακ’
571 3560 657 3635 ἀπῆγε
671 3562 743 3636 σιγῇ.
761 3561 868 3617 »idem

85 3652 132 3717 νίς,
149 3665 183 3719 p.
198 3645 262 3716 657,
276 3646 300 3705 A
317 3643 485 3725 ιδέλφακα
507 3646 535 3703 δὲ
550 3647 689 3723 ἀρσενικῶς
702 3649 755 3721 (sic
770 3660 784 3701 ἐ
805 3648 866 3706 vid.

82 3734 247 3789 Schneider.
276 3737 348 3790 Lex.
382 3755 413 3793 v.
446 3732 609 3813 Ἀρσινικός)
637 3733 725 3813 εἴρηκε
757 3736 810 3794 Πλ.
841 3735 867 3791 ἐν

84 3819 116 3875 ll.
134 3847 146 3867 ι
166 3820 290 3897 aelam
307 3820 335 3878 δὲ
352 3822 502 3900 ῥαιότατον.
520 3849 531 3873 ι
552 3823 671 3881 Casaub.
691 3822 867 3899 ὡραιότατον,

84 3908 178 3982 Τοορ.
198 3909 317 3965 Emend.
335 3911 363 3983 3,
375 3930 405 3984 p.
422 3910 470 3985 39,
484 3910 653 3988 ἀραιότατον,
667 3918 866 3971 alacerrimum.

85 3999 243 4072 Utrumque
262 4011 372 4074 aptum.
386 4002 486 4058 Priora
500 4003 539 4058 sic
552 4002 637 4060 Mein.
654 4022 659 4054 :

206 4169 253 4179 -
267 4133 329 4199 Τὸν
341 4126 479 4222 δέλφακα

132 4236 231 4327 ἀπῆγε
245 4248 326 4331 σιμῇ.

461 4367 490 4423 6.

123 4473 218 4532 Schol.
228 4479 311 4532 Arist.
324 4479 431 4534 Ranae.
450 4486 506 4548 427
523 4499 529 4531 ε
546 4477 590 4534 καὶ
604 4476 710 4542 Ereto<
720 4478 781 4541 ἴσως
796 4477 868 4555 παρδι

90 4560 114 4610 ³³¹
129 4560 218 4631 βινεῖν.
229 4562 283 4619 ἔστι
297 4560 378 4620 δὲκαὶ
392 4561 502 4628 Σεόῖνος
511 4564 697 4639 ὠνομασμένος
707 4564 778 4642 παρδι
791 4564 867 4621 Πλά-

93 4665 147 4700 τωνι
161 4649 269 4728 Ποιητῇ.

1636 560 1689 610 211

1289 693 1317 743 7.

951 784 1069 838 Antiatt.
1086 801 1115 857 p.
1144 783 1210 852 106,
1228 783 1276 857 30,
1295 783 1436 842 Λάσανα
1453 806 1460 839 :
1477 789 1516 864 ἐφ’
1537 778 1573 844 ὧν
1591 791 1695 848 ἀποπα-

911 872 1016 944 τοῦμεν.
1034 870 1085 929 Πλ.
1105 870 1140 928 ll.
1163 869 1348 943 μετενήνεκται
1367 870 1394 929 δὲ
1414 871 1466 931 ἆπδ
1484 873 1636 934 τούτουκαὶ
1654 880 1695 936 ἐπὶ

912 956 971 1022 τοὺς
986 957 1152 1037 μαγειρικοὺς
1163 957 1283 1034 βαόνους.

1291 1073 1321 1128 8.

951 1182 1032 1237 Idem
1045 1201 1076 1256 p.
1095 1182 1159 1252 116,
1176 1202 1231 1256 21,
1248 1180 1419 1260 Ψήφισμα
1434 1184 1553 1256 ἔθηκεν
1568 1187 1697 1246 ιαἰντὶτοῶ

912 1266 1019 1348 ἔγραψε.
1033 1270 1161 1346 Κρατῖνος
1174 1266 1289 1347 ΙὭραις,
1307 1272 1360 1329 ΙΙλ.
1379 1273 1415 1329 ll.

1289 1405 1319 1459 9.

953 1497 1031 1551 ldem
1044 1497 1083 1551 ib.
1101 1497 1331 1574 οη,Ψαφαρόν
1345 1498 1514 1558 ετὸάπαλόν.
1527 1503 1579 1560 Πλ.
1599 1505 1634 1563 ll.

1151 1669 1233 1728 lllll.
1258 1670 1455 1731 ΠΡΕΣΒΕΙΣ.

955 1843 970 1876 ιι
986 1825 1020 1879 ln
1036 1823 1089 1879 hac
1108 1825 1202 1881 fabula
1217 1829 1296 1901 quod
1316 1842 1514 1905 argumentum
1537 1838 1698 1892 tractaverit

913 1911 1010 1980 Plato,
1029 1912 1115 1968 docet
1126 1915 1275 1970 Athenaeus
1287 1916 1316 1986 6,
1332 1937 1363 1991 p.
1376 1938 1443 1994 ²²9·
1458 1922 1491 1989 F,
1509 1921 1545 1977 de
1559 1928 1698 1997 argenteis

913 2008 986 2060 vasis
1000 2006 1155 2062 disserent:
1173 2008 1226 2066 tlt.
1241 2006 1268 2064 δὲ
1281 2010 1308 2066 ἐν
1323 2008 1469 2086 Πρέσόεσι·

1296 2157 1319 2191 1.

964 2268 1041 2360 inr’
1059 2268 1166 2340 θλαόον
1182 2269 1352 2367 Ἐπικράτης
1369 2302 1402 2341 τε
1419 2279 1470 2343 καὶ
1486 2281 1650 2372 Φορμίσιος

963 2377 1044 2470 παρδι
1066 2389 1119 2445 τοῦ
1133 2383 1280 2464 βασιλέως
1293 2388 1425 2448 πλεῖστα
1439 2377 1699 2478 δωροδοκήματα,

962 2479 1095 2575 ὀξόόαφα
1111 2489 1208 2577 χρυσᾶ
1224 2484 1275 2550 καὶ
1285 2487 1479 2565 πινακίσκους
1501 2490 1647 2584 άρχιροῦς.

914 2626 1031 2687 Scilicet
1043 2630 1206 2702 Epicrates,
1232 2629 1312 2700 cujus
1333 2630 1413 2686 haud
1432 2635 1539 2707 exiguae
1559 2647 1653 2708 partes
1671 2641 1700 2694 in

916 2715 1090 2772 restituendo
1102 2717 1235 2791 populari
1247 2719 1368 2791 imperio
1381 2718 1509 2789 fuerant,
1523 2741 1612 2796 quum
1625 2727 1701 2800 lega-

916 2814 960 2858 tus
981 2805 1012 2858 in
1032 2804 1155 2859 Persium
1175 2804 1273 2859 mistus
1291 2816 1378 2874 esset,
1400 2819 1584 2881 acceptorum
1602 2829 1619 2866 a
1635 2832 1700 2888 rege

827 2927 830 2936 ,
915 2909 1066 2947 munerum
1080 2908 1165 2948 causa
1178 2889 1393 2969 ταραπρισόιίας
1409 2907 1553 2952 accusatus
1571 2909 1599 2953 et
1610 2903 1702 2973 patria

915 2981 1011 3054 pulsus
1028 2992 1076 3036 est.
1097 2980 1301 3036 Demosthenes
1318 2983 1361 3037 De
1377 2982 1445 3037 salsa
1460 2983 1545 3058 legat.
1566 3005 1597 3060 p.
1617 2986 1673 3052 430
1690 3007 1698 3045 z

916 3069 967 3123 τῶν
986 3064 1121 3144 πρόσόεων
1145 3064 1250 3124 ἐκείνων
1273 3067 1346 3141 ὑμεῖς
1367 3067 1479 3126 θάνατον
1501 3071 1701 3148 κατεγνώκατε,

915 3142 952 3209 ῶν
966 3144 1001 3220 εἷς
1013 3144 1044 3223 ήν
1059 3152 1238 3229 Ἐπικράτης,
1254 3151 1330 3231 ἀνὴρ,
1342 3155 1377 3220 ὡς
1388 3155 1440 3232 ἐγὼ
1451 3159 1503 3213 τῶν
1518 3158 1700 3240 πρισάυτέρων

916 3240 1019 3315 άκοόω,
1033 3241 1172 3307 σπουδαῖος
1191 3240 1236 3298 καὶ
1254 3239 1340 3299 πολλὰ
1353 3241 1482 3321 χρήσιμος
1496 3248 1529 3322 τῇ
1544 3245 1637 3322 πολιι,
1654 3249 1701 3306 καὶ

918 3331 969 3386 τῶν
983 3330 1014 3389 ἐκ
1024 3331 1157 3409 Πειραιῶς
1171 3328 1376 3407 καταχαγόντιεν
1391 3330 1436 3389 τδν
1451 3331 1543 3406 δῆμον,
1557 3335 1602 3392 καὶ
1614 3335 1700 3403 άλλως

918 3417 1071 3492 δημοτικός·
1087 3416 1146 3475 ἀλλ’
1166 3414 1237 3491 ὅμως
1254 3415 1328 3475 οὐδὲν
1349 3416 1428 3475 αὐτὸν
1444 3418 1565 3498 ὠφέλησε
1589 3423 1698 3483 volvor.

916 3504 1084 3563 Plutarchus
1094 3509 1194 3582 Pelop.
1206 3524 1270 3581 cap.
1286 3505 1322 3562 30
1337 3526 1343 3559 ε
1361 3502 1536 3584 Ἐπικράτους
1550 3512 1611 3583 γοῦν
1625 3531 1700 3581 ποτε,

916 3597 960 3649 τοῦ
974 3592 1153 3673 σακεσφόρου,
1165 3590 1229 3668 μήτ’
1241 3590 1398 3671 άρνουμάνου
1411 3592 1483 3673 δῶρα
1496 3592 1617 3662 δίξασθοι
1627 3595 1701 3678 παρά

916 3681 1057 3757 βασιλέως,
1074 3680 1199 3762 ψήφισμά
1218 3703 1243 3738 τι
1262 3680 1371 3760 γράφειν
1394 3682 1551 3760 φάσκοντος,
1570 3685 1627 3743 ἀντὶ
1648 3689 1700 3745 τῶν

915 3768 988 3827 ἐννέα
1015 3769 1149 3848 ἀρχόντων
1173 3773 1377 3849 χειροτονεῖσθαι
1402 3773 1461 3827 κατ’
1486 3772 1603 3831 θνιαυτθν
1627 3775 1700 3833 ἐννέα

916 3857 1037 3937 πρέσόεις
1058 3856 1123 3935 πρδς
1139 3856 1250 3936 βασιλέα
1269 3858 1321 3914 τῶν
1339 3858 1487 3933 δημοτικῶν
1503 3858 1548 3917 καὶ
1568 3861 1700 3938 πενήτων,

915 3944 985 4010 ὅπως
994 3945 1173 4022 λαμόάνοντες
1184 3946 1340 4024 εὐπορῶσιν,
1354 3945 1500 4021 ἐγέλασινθ
1514 3949 1605 4025 δῆμος.
1622 3953 1701 4009 Simi-

915 4037 979 4091 liter
996 4055 1042 4110 ap.
1065 4036 1168 4093 Athen.
1190 4036 1221 4111 6,
1244 4055 1275 4110 p.
1300 4035 1372 4111 251,
1386 4039 1421 4105 A,
1436 4038 1628 4114 llegesander,
1650 4041 1701 4095 ubi

915 4144 974 4180 non
993 4135 1108 4199 possunt
1134 4124 1201 4179 ferri
1226 4125 1315 4180 verba
1340 4123 1466 4197 θαυμάζω
1494 4123 1521 4180 δδ
1546 4123 1627 4203 ἔγωγε
1648 4130 1699 4185 τῶν

916 4208 1072 4285 Ἀθηναίων,
1091 4212 1146 4276 πῶς
1160 4214 1250 4268 τοῦτον
1270 4209 1317 4285 μὲν
1331 4210 1436 4288 ἄκριτον
1458 4211 1564 4284 εἴασαν,
1584 4233 1646 4287 quae
1664 4218 1700 4271 ab

916 4301 1049 4373 imperito
1061 4300 1160 4355 addita
1179 4301 1333 4369 videntur,
1351 4302 1459 4376 quippe
1475 4320 1492 4356 a
1510 4303 1700 4360 Demosthene

915 4387 1011 4443 relatis
1025 4389 1175 4442 contraria.
1197 4391 1240 4444 De
1259 4389 1415 4443 Phornrisio
1432 4390 1516 4445 etiarn
1534 4391 1623 4451 schol.
1647 4400 1697 4451 Ar.

915 4479 989 4533 λθειν.
1005 4477 1085 4549 996:
1108 4476 1274 4552 κωμῳδεῖται
1288 4472 1315 4532 δὲ
1335 4478 1372 4539 rt<
1386 4474 1556 4551 δωροδοκίαν·
1573 4479 1652 4552 cujus
1670 4482 1701 4534 li·

915 4565 1041 4620 bidinem
1056 4562 1151 4619 ridens
1163 4565 1327 4620 Philetaerus
1344 4583 1391 4639 ap.
1404 4566 1508 4623 Athen.
1528 4567 1574 4635 13,
1589 4586 1618 4641 p.
1633 4567 1699 4638 570,

918 4654 939 4709 F
952 4673 958 4706 z

774 4772 1032 4780 m———n-
1058 4773 1069 4777 -
1084 4771 1364 4779 ‹mmm—...-
1372 4773 1694 4787 -—-.-—-.—-—-

459 4825 485 4874 2.

91 4924 122 4937 -
137 4915 163 4955 a
179 4903 258 4961 ttiror
268 4905 342 4963 hunc
357 4907 500 4974 incertus,

91 4994 177 5043 utnon
187 4991 294 5050 mlioem
306 4994 420 5051 fictilem
432 5010 468 5050 an
483 4995 584 5053 librum
601 5005 699 5053 teneat.
717 4995 744 5050 b.
760 5000 796 5050 At
810 4994 866 5048 liae

459 5089 485 5137 3.
702 5088 756 5152 [est
771 5083 867 5156 potrix.

92 5156 179 5218 l'idete
192 5178 316 5238 superum
328 5167 381 5224 hoc
391 5167 565 5225 cubiculum!

465 5263 491 5310 θ.

99 5336 231 5395 Porcellum
246 5343 336 5413 abegit
346 5343 442 5399 silens.

191 5451 330 5487 tranitem
344 5452 487 5487 wltcuuttt
502 5452 541 5487 (ill.

1236 4877 1381 4933 LEGATl.

1294 4985 1317 5033 1.

913 5085 1088 5155 Accepcrunt
1100 5082 1237 5154 Epicrates
1249 5089 1276 5136 et
1295 5082 1462 5139 Phormisius

913 5185 929 5225 a
944 5187 1006 5242 rege
1019 5171 1134 5243 plurima
1147 5169 1236 5237 dona,

915 5264 1021 5328 pateras
1037 5273 1149 5323 aureas,
1163 5257 1310 5328 lancesque
1329 5266 1478 5328 argenteas.
